1877 2625
441 199 987 250 ἤιε-ψέξειας

166 309 322 346 asmate‚
351 300 385 338 in
411 310 487 350 quo
515 310 584 350 pro
617 298 753 338 viribus
781 301 918 339 annitar
944 298 1131 350 expedit-<23
1157 312 1267 352 quan·

168 361 246 387 tum
280 352 421 388 virtutis
449 352 483 387 in
510 348 542 387 ίὲ
568 348 701 388 habea:
734 349 877 398 Lingua
915 350 1128 401 Lapponica
1158 351 1203 391 ad
1231 352 1267 391 il-

167 399 383 438 lustrandam
395 403 580 450 antiquam
596 399 862 448 Europaearum
872 403 1036 449 gentium
1053 401 1262 442 Historiam.

276 498 418 536 Verum
443 497 488 535 ad
518 500 581 536 has
600 509 703 535 meas
735 501 974 546 cogitationes
994 501 1047 538 vel
1073 503 1196 550 potius
1216 501 1268 540 su·

172 547 349 598 spiciones
374 562 561 593 revertor,
590 559 683 597 quas
705 550 727 586 si
751 550 945 600 aliquando
973 552 1183 589 audaciores
1202 565 1267 602 pu-

171 602 322 644 taveris,
350 599 434 637 scias
465 600 572 636 velim
610 600 684 636 illas
716 612 877 638 tenacem
907 614 967 638 me
994 616 1067 640 non
1083 603 1266 642 habituras

167 648 414 697 defensorem3
443 649 606 699 quotidie
629 652 725 687 enirn
752 652 785 687 in
816 652 886 688 hoc
915 664 1052 690 oceano
1081 667 1176 692 nova
1198 667 1264 693 nee

167 702 307 749 ingrata
337 701 423 738 mihi
448 699 657 750 disquirenti
685 712 896 749 emergunt,
930 702 1027 740 unde
1058 705 1132 741 aliae
1154 717 1266 756 atque

168 752 242 788 aliae
272 748 506 788 suboriuntur
540 749 727 787 dubitandi
757 753 937 797 rationes,
976 764 1066 802 quas
1097 755 1265 804 multipli-

169 805 256 837 citer
280 811 402 837 auctas
433 811 509 836 tum
537 800 617 836 fore
643 799 851 848 praesemio,
881 813 968 839 cum
991 801 1185 843 severiores
1207 817 1268 842 eu-

166 864 213 886 in«)
251 851 334 887 huic
367 849 532 887 adliibitae
561 851 692 887 fuerint
720 852 881 900 negotio.

273 951 327 987 Ex
355 950 517 1000 partibus
545 950 706 998 Europae
731 950 827 988 nulla
855 952 921 996 est,
953 952 1054 1000 cuius
1088 955 1159 993 fata
1187 956 1263 1008 plu-

168 1001 268 1038 ribus
297 1013 395 1038 retro
435 998 568 1038 saeculis
606 999 733 1039 rescire
768 1001 885 1046 licuit,
922 1015 1032 1053 quam
1067 1005 1191 1054 ltaliae,
1229 1009 1264 1045 in

168 1064 241 1099 qua
275 1053 579 1089 commorationis
627 1052 854 1101 Lapponum
896 1057 1124 1105 praecipuum
1152 1056 1265 1095 docu-

168 1113 334 1138 mentum
362 1101 479 1139 liabeo
508 1105 784 1150 cognationem,
812 1114 895 1152 quae
925 1104 1080 1153 Linguae
1115 1107 1265 1156 Lappm

167 1155 253 1188 nica:
283 1164 369 1189 cum
394 1151 518 1189 Latiali
549 1152 751 1196 intercedit,
777 1153 888 1203 idque
913 1167 952 1193 ut
982 1154 1084 1204 spero
1122 1156 1154 1195 se
1173 1157 1265 1195 Tibi

167 1203 349 1250 probabit,
381 1202 403 1238 si
431 1202 734 1249 consideraveris,
759 1215 872 1240 voees
903 1205 1080 1243 Romanas
1094 1207 1149 1243 vel
1164 1219 1267 1256 pror·

169 1251 225 1289 sus
255 1252 389 1289 referre
417 1251 647 1301 Lapponicas
685 1252 848 1299 ejusdem
886 1254 1169 1302 significationis,
1207 1257 1265 1295 vel

166 1316 210 1340 ex
239 1301 417 1350 ejusmodi
446 1301 568 1339 verbis
596 1302 746 1348 deduci,
775 1314 855 1352 quae
888 1304 1053 1342 deductae
1091 1309 1192 1345 vocis
1226 1307 1264 1345 δε

167 1354 298 1390 litteras
334 1352 542 1390 Cardinales
583 1352 620 1389 δε
655 1351 791 1390 sensum
812 1357 928 1392 immo
968 1355 1261 1394 universaliorem

167 1406 385 1440 contineant.
442 1403 524 1439 Nec
553 1403 613 1439 Te
642 1405 676 1439 in
708 1402 863 1440 dubium
890 1404 1067 1452 adducat,
1100 1407 1123 1443 si
1154 1407 1263 1455 Sylla-

168 1454 222 1490 bae
250 1454 383 1490 ultimae
412 1451 500 1499 ssepe
524 1452 561 1489 8<
590 1453 716 1489 mediae
745 1454 1034 1501 vocabulorum,
1064 1469 1131 1505 pro
1161 1457 1262 1495 indo-

169 1504 200 1539 le
231 1505 421 1552 utriusque
451 1504 605 1550 Linguae
622 1505 758 1539 varient
774 1531 782 1547 ‚
806 1516 845 1541 ut
864 1507 898 1541 in
915 1505 1037 1542 verbis
1057 1508 1155 1555 apud
1171 1506 1266 1557 Lap-

167 1566 281 1601 pones
306 1564 365 1590 -ot
394 1564 449 1591 -et
477 1562 589 1599 -etet‚
634 1565 703 1601 pro
739 1554 870 1591 Latino
898 1568 979 1592 -are
1006 1569 1082 1594 -ere
1107 1559 1197 1603 -ire,
1228 1560 1263 1595 in

166 1603 396 1642 Nominibus
426 1602 623 1650 Adjectivis
652 1606 794 1640 -lukots
821 1605 995 1651 -Iuktffats
1013 1606 1080 1644 &e.
1100 1618 1180 1656 quae
1200 1620 1264 1644 vo-

167 1654 270 1692 cibus
300 1652 421 1692 suffixa
450 1653 656 1704 qualitatem
690 1654 877 1698 denotant,
909 1667 975 1703 pro
998 1655 1124 1694 Latina
1146 1660 1264 1695 termi-

167 1707 311 1742 natione
326 1706 422 1753 -osus
455 1706 509 1742 vel
525 1720 589 1741 -ax
617 1704 684 1741 ἃς.
719 1704 754 1741 Si
783 1705 987 1753 Diphtongi
1023 1710 1056 1743 in
1088 1708 1263 1751 {implices

167 1755 297 1792 abeant
323 1755 358 1792 ai
386 1750 482 1802 in'e‚
508 1758 542 1793 oi
568 1757 603 1792 in
638 1770 678 1801 ο,
699 1770 742 1792 uo
772 1757 804 1791 in
841 1771 882 1794 ou
907 1759 940 1794 ln
969 1771 989 1794 u
1024 1757 1075 1795 vel
1105 1773 1123 1794 ο
1149 1757 1191 1805 b)
1226 1759 1262 1794 Si

762 1805 787 1843 P
811 1819 833 1856 p
1213 1810 1263 1844 vi-

256 1894 290 1936 b)
315 1896 469 1927 Romanos
494 1906 531 1926 ou
553 1897 580 1926 ὃ(
603 1906 640 1926 uo
664 1895 835 1939 diphtongis
857 1895 922 1928 usos
946 1894 1033 1928 fuisse
1061 1897 1107 1928 vel
1129 1895 1196 1927 inde
1208 1907 1260 1939 pa-
