1877 2625
443 194 984 248 ᾈΰαὸιέὲέ

170 291 315 339 Hoogte
334 292 546 339 vocabatur.
577 297 707 346 inquit,
733 299 1039 349 Flacksteenbock,
1067 305 1151 354 quia
1167 300 1202 344 in
1216 319 1260 345 ae-

167 340 348 389 quoribus
368 356 587 394 camporum
602 348 672 384 five
681 349 871 387 Flacktens
883 351 1063 390 habitabat
1075 359 1259 404 gregatim

165 391 340 437 quidem,
365 392 423 431 sed
446 395 536 434 alter
554 396 775 448 plerumque
799 399 845 436 ab
869 402 980 439 altero
999 404 1109 452 longe
1126 406 1259 454 disjun-

163 439 257 479 aus.
309 444 355 480 Se
385 447 491 483 etiarn
519 457 604 484 eum
633 447 687 484 bis
720 448 847 487 vidisse
874 453 938 498 ait,
977 454 1067 491 dum
1105 468 1170 505 per
1197 458 1257 496 de-

141 487 296 530 vsertum
322 493 479 533 domum
514 497 776 538 revertebatur.
836 503 896 540 Ad
936 502 1135 543 distantiam
1174 507 1257 548 licet

158 543 308 580 minime
333 547 515 593 pavidus,
560 545 702 598 semper
732 562 851 589 tamen
880 553 971 591 adeo
1000 567 1128 596 cautus
1154 570 1252 606 erat,

156 601 200 628 ut
228 594 319 631 intra
346 591 489 634 solitum
516 596 730 638 bombardae
756 601 869 639 ictum
899 616 1008 643 nemo
1037 606 1083 644 illi
1121 620 1254 658 appro-

155 643 337 691 pinquare
367 647 502 695 poffet5
541 650 729 688 venandus
755 654 868 699 igitur
893 656 1002 692 citato
1031 669 1142 706 equo,
1165 661 1253 708 (par

147 692 257 739 Jorce
284 694 346 731 till
373 696 479 744 laist),
514 699 630 737 modo
668 713 712 740 ne
742 712 835 740 terra
864 703 905 740 fit
933 707 1038 742 nimis
1067 706 1189 757 aspera
1213 710 1252 750 8<

151 741 321 790 lapidosa.
377 749 551 793 Capreolo
579 747 696 795 major
723 763 799 789 erat
825 753 863 790 &
891 754 986 792 duos
1021 758 1162 796 circiter
1189 772 1250 809 pe-

150 790 216 828 des
240 792 354 839 altus,
381 795 505 835 habitu
530 802 697 848 corporis
723 801 769 839 ad
805 804 932 840 Ihicem
956 809 1111 855 propius
1148 821 1248 848 acce-

148 841 285 888 debat,
314 840 371 881 sed
389 846 512 885 colore
541 848 765 898 pallidissime
791 852 875 891 rufo
903 853 975 892 five
1012 861 1158 898 murino
1195 860 1246 899 di-

146 891 415 941 stinguebatur,
451 910 606 949 eamque
633 900 683 938 ob
713 903 870 941 cauffam
897 905 1113 945 audiebatur
1136 912 1245 951 etiam

147 953 224 981 non
251 944 360 982 nullis
389 945 457 985 diei
484 951 704 989 Rueck-Beck
741 952 778 990 &
805 954 1120 998 FahIe-thebock.

244 1056 306 1096 Sic
333 1057 529 1111 Antilopas
555 1064 688 1104 iterum
715 1077 876 1117 quatuor
898 1068 1143 1110 recensuimus
1169 1074 1240 1112 vai-

141 1106 190 1145 de
215 1118 413 1158 cognatas,
452 1115 592 1164 quippe
620 1127 703 1166 quae
729 1131 836 1157 more
861 1123 1045 1168 gregatim
1077 1124 1241 1164 inceden-

138 1157 198 1204 di,
245 1161 407 1206 generali
442 1168 609 1213 corporis
643 1167 790 1213 habitu,
831 1171 1083 1218 magnitudine
1120 1172 1238 1216 ferme

138 1208 289 1255 eadem,
320 1212 435 1249 oculis
463 1213 539 1252 sinu
566 1215 738 1256 lacrimali
765 1221 942 1268 praeditis,
971 1222 1148 1261 cornibus
1170 1229 1238 1264 cir-

110 1296 112 1298 .
136 1260 226 1297 citer
258 1257 537 1310 semipedalibus
568 1267 742 1306 teretibus
772 1269 921 1320 basique
950 1270 1067 1310 solum
1091 1276 1236 1315 annula-

136 1310 199 1353 tis,
221 1309 337 1349 cauda
366 1312 559 1362 perbrevi,
584 1315 727 1356 feminis
756 1321 908 1367 mutilis,
936 1334 1024 1368 cet„
1065 1325 1160 1364 inter
1198 1325 1233 1365 st.

133 1370 349 1449 cogglruunt
387 1364 446 1413 h);
474 1376 556 1414 quae
593 1380 684 1407 vero
707 1369 876 1420 pluribus
903 1370 1129 1423 discrepant,
1173 1377 1230 1416 his

132 1419 172 1447 vt
203 1423 303 1449 etcet

630 1505 663 1543 K
690 1506 716 1544 k
1099 1525 1127 1552 1.
1151 1516 1228 1555 An-

149 1608 1226 1634 Ἢ,

217 1659 253 1701 Ῐι)
280 1660 327 1692 Ad
353 1662 566 1707 Pediotragum
587 1666 667 1709 quod
693 1670 812 1706 attinet,
837 1669 920 1702 filent
940 1671 1060 1714 quidem
1088 1677 1224 1710 aunssorec

123 1699 210 1747 supra
233 1708 315 1737 citati
339 1706 375 1737 de
398 1711 458 1749 ejus
481 1708 611 1747 femina,
637 1711 672 1743 de
700 1715 860 1752 cornibus,
893 1716 995 1753 cauda,
1021 1716 1084 1751 finu
1118 1722 1224 1755 oeulo-

122 1759 191 1781 rum
212 1748 377 1788 lacrimali,
402 1764 476 1792 cet„
501 1764 528 1786 et
553 1766 694 1799 quantum
719 1758 755 1789 ad
780 1759 970 1801 Capreolum‚
993 1764 1079 1795 eiiam
1102 1765 1140 1798 de
1161 1770 1222 1808 ejus

121 1791 234 1825 femina
255 1792 424 1840 finibusque
453 1799 665 1834 lacriinalibus.
736 1803 792 1834 Sed
826 1817 917 1848 quum
943 1808 1111 1842 Fons’rsm
1132 1812 1220 1843 nobis

121 1837 276 1875 adserunt,
302 1841 387 1872 illum
411 1841 474 1875 fere
503 1847 642 1879 omnibus
673 1848 749 1878 Ibici
775 1846 902 1883 fimilem
932 1850 1008 1888 effe,
1044 1857 1074 1886 ὅ(
1097 1856 1164 1898 hic,
1193 1854 1218 1888 fi

120 1893 158 1915 ex
183 1884 287 1917 colore
303 1897 336 1917 ac
349 1887 482 1930 piletum
495 1900 615 1930 natura,
633 1891 705 1926 dum
724 1893 820 1929 modo
836 1896 868 1928 hi
882 1894 970 1931 simul
987 1896 1072 1942 longi
1083 1899 1152 1938 fint,
1173 1903 1216 1943 ju-
