1877 2625
430 204 983 254 ⁴222&an

152 297 302 336 Habent
330 300 427 337 enim
457 299 527 336 five
556 309 703 347 ortum,
734 299 803 337 sive
828 299 1043 338 structuram
1064 301 1147 350 quis
1171 312 1259 350 pan·

153 349 241 387 dere
279 349 363 386 velit
395 349 550 399 plurima
582 349 675 388 adeo
704 351 908 395 recondita,
944 362 985 387 nt
1024 352 1060 388 in
1100 351 1165 388 illis
1191 353 1257 389 rite

153 398 375 448 explicandis
404 400 558 437 Naturae
597 400 823 438 Scrutatores
857 400 902 437 ad
935 412 1049 437 unum
1080 401 1154 437 fere
1180 413 1258 438 om-

156 462 219 487 nes
249 447 419 487 haeserint.
472 450 638 499 Speciem
665 450 784 496 illam,
824 461 905 499 quae
940 451 975 487 in
1012 451 1135 488 Fauna
1169 452 1261 488 Sve-

156 502 232 538 cica
262 500 391 548 Cynips
419 500 580 550 Quercus
617 501 774 537 corticis
814 499 973 547 dicitur,
1009 500 1176 548 singulari
1204 513 1261 538 ac·

155 551 342 587 curatione
371 550 638 599 contemplatus
662 550 735 594 est,
766 552 1006 599 proprietates
1030 553 1146 587 varias
1175 562 1262 588 eno-

156 600 282 646 davit,
311 596 412 636 fateri
428 599 510 636 licet
525 610 723 647 cogeretur
747 598 926 648 superesse
940 597 1139 647 etjamnum
1155 612 1263 650 quas-

158 649 244 687 dam
272 660 434 688 venturae
471 651 582 687 aetatis
619 648 833 699 perspicacia
864 649 1113 688 enucleandas.
1151 651 1265 702 Qae-

158 700 271 737 stione
299 698 345 736 ab
375 699 488 738 Acad.
511 700 659 736 Stockh.
684 712 779 737 anno
807 710 1022 737 Muchxw.
1058 701 1264 750 proposita:

159 749 240 804 Qffl
266 750 407 786 ratione
436 749 533 797 abigi
551 750 694 797 poqsem
719 753 833 787 larvae
864 751 1068 797 insediorum
1086 749 1185 798 folia
1209 762 1266 786 ar-

159 804 282 837 borum
296 797 577 847 frueliferarum
604 799 859 845 consumentes,
882 799 1026 836 Larvas
1055 801 1182 837 noxias
1207 797 1267 837 de·

161 847 316 897 scripsit,
343 859 378 885 et
413 850 504 884 inter
532 849 595 885 has
625 859 813 897 tamquam
842 849 1177 897 perniciosissimam
1205 860 1268 885 no·

161 900 250 935 tavit
279 899 433 934 Erucam
464 898 626 935 lelenae
655 900 855 935 Geometrae
892 902 1087 946 brumatae,
1125 898 1269 936 consilia

161 946 266 986 fimul
294 946 438 985 tradens
469 959 527 983 eas
556 946 784 995 depellendi,
804 986 807 988 ,
826 959 908 998 quae
943 948 1080 995 singula
1117 949 1268 998 praemio

163 996 430 1046 compensanda
454 995 627 1043 judicavit
650 997 860 1035 Academia.
885 998 1071 1052 Qoniam
1097 1010 1185 1036 vero
1217 1009 1270 1034 re·

163 1038 282 1086 me³dia
307 1059 387 1084 tum
415 1059 436 1084 a
457 1047 732 1091 BERGMANNO,
762 1058 842 1085 tum
868 1048 914 1085 ab
951 1048 1051 1093 aliis,
1088 1049 1272 1096 excogita-

164 1109 228 1144 ta,
257 1095 333 1147 ipso
361 1108 474 1146 opere
500 1099 654 1144 experiri
680 1098 945 1143 conveniebat,
986 1110 1183 1149 antequam
1212 1097 1272 1135 de·

164 1150 263 1185 cerni
287 1144 409 1196 posset
424 1174 434 1194 ,
450 1146 638 1196 quodnam
659 1159 789 1185 eorum
813 1150 969 1185 maxime
991 1147 1118 1186 efficax
1140 1147 1273 1185 haben-

166 1197 257 1235 dum
285 1196 394 1243 esset,
422 1197 551 1235 eadem
574 1198 723 1246 quaestio
754 1201 906 1247 praemio
933 1199 1048 1248 duplo
1075 1196 1201 1245 majori
1220 1210 1275 1235 re·

166 1247 393 1285 muneranda
418 1248 551 1284 iterum
587 1248 772 1296 proposita
810 1246 890 1286 fuit.
959 1249 1080 1286 Palma
1121 1258 1276 1298 quoque

160 1298 244 1337 ‚haec
262 1298 513 1334 BERGMANNO
535 1296 821 1346 adjudicabatur,
836 1299 897 1347 qui
921 1299 1115 1347 postquam
1133 1298 1277 1336 detexe-

166 1358 222 1386 rat
248 1348 409 1385 Phalenae
434 1351 623 1391 brumam,
653 1357 735 1395 quae
765 1345 830 1384 sub
854 1359 947 1385 terra
972 1348 1100 1385 ultimo
1116 1346 1276 1385 formam

167 1408 304 1441 mutat,
331 1395 529 1434 foeminam
557 1407 720 1444 apteram
749 1408 769 1434 a
795 1397 957 1434 maribus
981 1409 1047 1446 per
1061 1402 1182 1435 ae'rem
1203 1408 1277 1434 non

168 1444 414 1491 circumferri,
443 1443 501 1483 sed
530 1444 668 1483 sursum
689 1458 756 1495 per
772 1457 921 1485 truncos
950 1447 1125 1486 arborum
1148 1459 1278 1497 repen-

170 1498 220 1536 do
244 1500 339 1535 circa
363 1507 532 1544 gemmas
555 1508 625 1532 ova
653 1508 809 1545 ponere,
839 1495 941 1535 suasit
969 1509 1034 1540 ut,
1067 1497 1278 1536 caudicibus

171 1550 254 1597 pice
285 1547 341 1584 vel
369 1546 435 1584 alia
465 1543 597 1584 viscosa
623 1548 771 1583 materia
800 1546 957 1585 oblinitis
973 1577 987 1594 ‚
1013 1550 1049 1586 in
1074 1548 1195 1586 media
1221 1549 1280 1585 via

172 1599 460 1647 interciperetur.
512 1595 602 1649 Qo
627 1596 777 1634 artificio
820 1597 1001 1636 hortulani
1044 1598 1126 1636 dein
1154 1598 1280 1635 millies

174 1647 285 1686 millia
314 1647 412 1684 istius
447 1650 592 1695 generis
628 1658 822 1684 erucarum
856 1646 1122 1686 destruxerunt.
1175 1648 1283 1685 Sum·

172 1709 281 1736 mum
315 1699 451 1746 pariter
489 1696 810 1744 Entomologum,
860 1708 895 1735 et
932 1699 969 1735 in
996 1697 1283 1748 pervestigandis

176 1748 237 1786 vel
265 1747 512 1786 minutissimis
537 1746 681 1795 punffls
709 1744 851 1795 fatigari
883 1745 1035 1786 nesciam
1062 1747 1283 1786 sedulitatem

175 1797 345 1837 redolent
370 1797 465 1836 lec'tu
483 1795 752 1844 jucundisfimae
775 1795 864 1845 Ejus
885 1802 1215 1837 commentationes
1239 1797 1285 1834 de

179 1850 328 1889 Natura
359 1848 633 1888 Tenthredinum
659 1859 695 1887 et
718 1848 918 1887 Erucarum
931 1849 1160 1900 spuriarum,
1182 1860 1223 1887 ut
1249 1857 1287 1884 et

1237 1896 1285 1935 de
