1877 2625
891 164 1076 211 Q
1133 168 1202 209 198
1254 163 1440 212 Q&

637 257 840 308 praecipitiis
866 255 1110 302 deleetantur,
1132 255 1167 292 &
1198 253 1384 294 fruticibus
1410 254 1652 305 stirpibusque
1675 257 1717 293 ri-

635 307 837 356 gidioribus
869 306 1039 344 victitant.
1107 306 1241 343 Earum
1274 318 1411 344 cornua
1451 308 1660 354 nigricantia
1700 317 1720 341 e

634 359 757 394 cranio
787 358 940 405 propius
970 355 1097 392 oculos
1133 367 1265 393 exeunt
1305 359 1530 405 proximata,
1567 356 1722 404 sinciput

635 407 685 443 est
712 405 885 455 gibbum,
910 407 1094 453 angustius
1123 406 1160 444 &
1187 409 1334 455 occiput
1361 406 1464 444 valde
1489 418 1721 450 convexum,

638 468 705 494 cet.
733 477 777 483 —-
831 458 923 493 Oves
953 470 972 493 e
996 460 1176 494 contrario
1211 454 1289 493 sunt
1327 456 1496 505 placidae,
1526 455 1722 506 obsequen-

636 517 708 549 tes,
738 505 897 552 timidae,
921 506 964 543 ad
994 504 1235 543 scandendum
1275 508 1394 543 minus
1419 519 1535 556 aptat,
1573 506 1724 544 artubus

639 555 797 605 praeditae
828 555 1103 603 gracilioribus,
1137 556 1174 593 &
1204 557 1284 594 iicet
1316 557 1474 606 alioquin
1510 556 1723 601 imbecilles,

638 606 755 652 frigus
785 617 904 642 tamen
941 604 1162 655 perferentes
1191 607 1318 644 melius
1348 618 1459 655 quam
1487 608 1628 652 aestum,
1658 619 1725 644 nec

640 657 848 706 pluviarum
877 655 1041 705 pavidae3
1071 668 1137 704 per
1170 656 1248 694 loca
1274 659 1397 704 vagari
1423 669 1544 695 amant
1579 659 1725 706 aprica,

641 706 754 750 culta,
782 708 902 742 minus
926 704 1113 752 fiilebroia,
1140 707 1368 756 campestria,
1397 707 1434 744 &
1456 705 1647 744 frondibus
1675 709 1725 743 vi-

642 768 733 795 vunt
765 759 966 806 tenerisque
995 757 1125 795 herbis.
1188 758 1335 795 Cornua
1367 770 1490 795 earum
1518 758 1648 795 flavida
1680 756 1725 794 ab

642 806 757 844 oculis
787 810 961 843 remotius
982 820 1000 844 e
1022 809 1144 844 cranio
1167 818 1300 845 exeunt
1321 809 1463 856 patula,
1489 808 1638 856 sinciput
1654 808 1726 857 pia-

640 869 732 895 num
756 857 804 893 est
830 868 937 904 atque
971 857 1075 894 latius
1100 857 1138 894 &
1173 860 1320 905 occiput
1350 860 1468 895 minus
1497 869 1726 903 convexum,

641 918 708 943 cet.
735 927 781 934 —
832 905 1002 943 Diversus
1018 909 1123 944 etiam
1139 907 1300 944 maribus
1318 908 1504 956 pugnandi
1519 919 1619 954 mos3
1642 919 1727 944 nam

641 956 745 992 Hirci
774 956 927 1003 pedibus
962 958 1105 1004 posticis
1138 957 1220 995 loco
1248 957 1308 993 ubi
1339 958 1449 1002 stant,
1480 956 1700 1005 insurgentes
1719 985 1730 1003 ,

641 1006 789 1055 obiique
810 1008 1016 1043 minitantur
1036 1008 1162 1050 ictum,
1188 1006 1243 1044 sed
1267 1008 1409 1045 Arietes
1429 1007 1626 1044 retrorsum
1648 1020 1728 1057 gra-

642 1056 779 1093 dientes
808 1058 951 1104 prim0‚
989 1059 1022 1093 in
1054 1058 1193 1094 hostem
1231 1057 1360 1095 deinde
1389 1058 1484 1095 recia
1512 1058 1729 1095 incursitant.

641 1106 764 1143 Balatu.
793 1118 965 1154 praeterea
992 1118 1144 1144 utuntur
1168 1107 1344 1152 disfimiii,
1370 1108 1407 1144 &
1435 1107 1577 1145 tandem
1595 1108 1729 1158 quibus

644 1156 772 1204 Caprae
786 1168 927 1201 carent,
954 1155 1031 1194 sunt
1047 1157 1189 1194 Ovibus
1208 1169 1284 1194 tum
1303 1158 1413 1201 (inus,
1436 1171 1476 1195 ut
1499 1157 1613 1204 ajunt,
1631 1159 1730 1195 lacri-

643 1206 771 1247 males,
803 1218 879 1242 tum
907 1218 1023 1247 antra,
1053 1219 1133 1256 quae
1162 1219 1309 1252 vocant,
1330 1208 1524 1255 inguinaiia
1540 1208 1651 1255 nuda,
1673 1220 1728 1245 ce-

644 1267 736 1293 teras
767 1266 807 1293 ut
834 1258 1049 1295 reticeamus
1082 1257 1310 1296 distinctionis
1343 1270 1467 1306 notaS,
1494 1264 1551 1303 d).

749 1357 927 1404 Antilopae
956 1368 1080 1394 contra
1119 1359 1165 1395 ab
1198 1361 1351 1408 antiquis
1382 1360 1609 1409 temporibus
1638 1359 1675 1397 &
1710 1372 1731 1398 a

643 1409 787 1457 primis,
820 1410 881 1455 qui
911 1407 954 1443 ad
983 1407 1139 1445 formam
1167 1412 1250 1447 artis
1286 1413 1531 1457 cognitionem
1563 1410 1731 1463 Quadru-

642 1457 782 1506 pedum
802 1469 1034 1501 revocarunt,
1060 1461 1093 1495 iu
1111 1471 1225 1496 unum
1248 1472 1333 1496 cum
1357 1462 1483 1508 Capris
1507 1471 1621 1508 genus
1646 1472 1730 1497 con-

640 1507 771 1555 junfitse
792 1506 957 1561 fuerunt,
989 1519 1214 1557 quamquam
1243 1510 1288 1547 ab
1317 1511 1371 1547 his
1408 1510 1730 1548 dissimilitudinem

643 1557 777 1594 habent
806 1569 979 1601 majorem
1007 1569 1117 1606 quam
1149 1562 1253 1597 Oves.
1309 1560 1370 1598 Ad
1400 1560 1507 1597 finem
1529 1559 1602 1607 jam
1629 1559 1731 1597 ἦπου-

643 1607 667 1644 li
695 1607 809 1644 XVII.
842 1607 998 1644 Historia
1015 1610 1162 1645 naturali
1187 1610 1444 1647 eruditisfimus
1471 1611 1615 1657 Anglus
1644 1612 1731 1648 RAY

645 1657 826 1694 Animalia
854 1660 1069 1695 ruminantia
1095 1660 1268 1697 cornibus
1305 1660 1349 1697 fic
1378 1661 1478 1699 dictis
1507 1663 1673 1701 concavis
1695 1662 1730 1697 in

1664 1722 1730 1748 tria

735 1821 770 1861 d)
796 1821 832 1852 V
831 1822 868 1853 id.
894 1821 1047 1864 Spicilegia
1071 1823 1242 1866 Zoologica‚
1269 1834 1337 1854 cura
1359 1825 1388 1856 P.
1414 1825 1442 1857 S.
1467 1825 1609 1867 Panas,
1632 1824 1731 1856 Berol.

647 1875 714 1903 4;ο,
739 1866 904 1906 Fasciculus
935 1867 1125 1906 Undecimus,
1147 1871 1219 1907 1776,
1240 1879 1275 1910 p.
1298 1878 1346 1910 37.
1370 1868 1411 1911 sq·
