1877 2625
450 217 1000 297 &³⁴6⁵ssss

173 314 305 350 mereri
334 317 585 364 attentionem,
610 323 693 370 quia
721 328 933 374 maximam,
963 339 1028 368 aut
1067 334 1274 383 utilitatem,

172 372 236 398 aut
258 374 409 408 noxam,
439 366 569 406 Infecta
598 370 662 409 sub
698 378 819 423 primo
859 379 931 424 hoc
957 380 1068 420 stadio
1096 384 1274 425 adferunt.

172 410 479 454 Innumerabilem
515 420 615 458 istam
656 425 927 467 multitudinem
954 432 990 468 in
1022 433 1157 473 Classes
1187 436 1272 475 ceto

169 473 212 498 ea
235 463 486 513 perspicuitate
513 482 548 507 et
572 477 800 513 accuratione
830 477 1033 529 distribuit,
1069 496 1109 522 ut
1136 485 1271 525 Libero

170 510 299 550 Baroni
325 525 376 552 DE
403 516 518 556 GEER
536 546 546 565 ‚
580 521 834 574 Entomoiogo
862 530 1081 580 perillustri,
1111 535 1180 573 hos
1211 549 1273 574 or-

170 560 270 599 dines
298 575 433 612 rogatu
457 570 645 609 Societatis
671 574 852 623 lustranti‚
896 581 982 618 nihil
1012 586 1162 623 omnino
1192 598 1272 624 mu-

170 612 321 651 tandum
366 616 564 657 obveniret.
633 623 840 664 Dolendum
888 630 999 676 igitur
1039 645 1082 670 eo
1132 640 1269 683 magis,

168 662 271 710 quod
298 665 372 702 aliis
412 667 493 706 dein
535 673 633 709 curis
675 673 832 714 districto
868 679 1013 719 Genera
1050 694 1085 720 et
1123 686 1270 734 Species

166 712 298 750 eodem
318 719 486 755 acumine
506 718 703 761 discernere
717 737 790 763 non
812 727 972 774 licuerit,
1002 744 1077 781 quo
1106 734 1271 773 dubitan-

165 761 201 799 di
234 763 358 811 plures
397 766 525 805 adsunt
550 774 736 819 rationes,
778 777 992 816 exstiturum
1034 783 1169 830 alium,
1207 787 1270 834 qui

164 811 450 861 observationes,
478 819 514 854 in
555 819 778 861 Bibliotheca
804 825 1047 878 Academica,
1075 834 1168 871 inter
1192 835 1270 872 reli-

163 872 236 911 qua
263 862 351 908 Ejus
374 866 641 919 manuscripta,
682 872 880 919 etjamnum
908 880 1060 926 quidem
1088 883 1268 930 affluas,

160 913 197 949 in
228 913 392 951 ordinem
420 928 531 964 coget
557 931 592 957 et
624 921 832 970 adaugebit.
909 928 1111 981 Graduah,
1155 945 1268 983 quam

160 961 309 1009 dicunt,
329 963 589 1014 dissertatione,
615 970 662 1008 de
688 975 975 1023 Interpolatione
1002 981 1266 1033 Astronomica‚

159 1023 256 1051 anno
278 1024 497 1055 MDCCLvm.
520 1017 738 1071 conscripta,
769 1036 804 1062 et
819 1026 994 1075 Praefide,
1021 1033 1156 1071 vicario
1178 1045 1266 1073 tunc

159 1062 367 1102 Professore
384 1093 394 1111 ,
421 1068 641 1109 Bemamcro
672 1074 853 1118 ΡΕΚΝΕΚ,
881 1078 1029 1126 publice
1054 1093 1265 1133 propugna-

158 1122 212 1157 ta,
239 1113 477 1165 Philosophiae
503 1120 679 1168 Magister
705 1126 979 1178 renuntiabatur
1004 1131 1161 1179 Noster,
1189 1145 1264 1184 qua

158 1162 333 1211 dignitate
362 1178 511 1216 ornatus
537 1172 732 1221 postquam
766 1187 863 1215 anno
890 1179 1022 1219 eodem
1051 1181 1263 1222 dissertatio·

157 1224 265 1257 nem,
295 1213 341 1251 de
365 1217 594 1258 Attrat‘lione
621 1224 831 1272 universali,
859 1240 903 1264 ex
926 1231 1097 1270 cathedra
1125 1233 1264 1272 Acade-

155 1265 249 1348 smica
272 1262 762 1357 rugerioradefenfitaverat,
782 1279 924 1317 veniam
943 1279 1099 1320 docendi
1113 1284 1150 1321 in
1166 1284 1262 1333 Phy-

170 1324 232 1351 1cis
259 1326 304 1351 na
346 1328 386 1353 us
415 1330 433 1354 e
468 1346 476 1356 .

263 1413 320 1451 Eo
356 1413 430 1463 J‘am
469 1430 685 1468 pervenerat
723 1423 946 1476 Emonam,
987 1441 1065 1481 quo
1102 1433 1258 1473 innoxiis

153 1462 237 1500 inde
264 1476 285 1500 a
307 1462 452 1510 juniore
486 1481 589 1508 aetate
625 1476 720 1511 votis
756 1473 951 1517 ferebatur.
1010 1481 1149 1520 Publici
1184 1485 1258 1522 Do·

153 1511 515 1556 &oris'virtutesfet
543 1520 662 1559 officia
698 1536 772 1562 non
801 1538 821 1562 e
861 1527 1067 1581 longinquo
1103 1535 1260 1583 amplius

151 1563 425 1614 contuebatur,
459 1566 518 1607 sed
546 1572 671 1610 intime
695 1574 940 1623 pernoscenda
974 1593 1012 1619 et
1048 1584 1259 1632 peragenda

151 1612 215 1650 fibi
239 1617 447 1665 proposuit,
486 1632 532 1657 eo
572 1631 719 1671 tenore,
754 1635 868 1674 quem
906 1629 952 1666 ad
991 1631 1102 1670 finem
1140 1646 1258 1685 usque

151 1665 234 1701 vitae
261 1666 471 1706 intemerata
497 1669 570 1708 fide
592 1671 802 1721 persecutus
833 1677 893 1716 est.
938 1680 1043 1718 Nihil
1080 1687 1258 1733 temporis

151 1714 274 1751 otiosis
291 1716 574 1757 discusfionibus
589 1748 598 1764 ‚
626 1723 712 1761 nihil
731 1726 835 1763 inerti
856 1730 1156 1779 contemplationi
1171 1747 1257 1773 con-

150 1763 303 1810 cedens,
332 1777 431 1805 totus
457 1771 492 1806 in
520 1772 664 1818 agendo
690 1785 788 1818 erat,
823 1778 1054 1819 Academicae
1087 1780 1256 1829 juventu-

149 1814 175 1850 ti
203 1814 410 1854 erudiendae
431 1829 467 1856 et
499 1820 662 1860 Scientiae
699 1825 867 1865 Naturali
906 1831 1112 1870 excolendae
1152 1845 1256 1884 aque

149 1860 341 1902 sufficiens.
394 1866 665 1911 Honestisfimis
683 1872 776 1915 hisce
801 1880 993 1920 conatibus
1021 1882 1154 1922 obstitit
1179 1887 1255 1934 qui-

200 1924 294 1952 votn
321 1927 398 1956 vu.
654 1924 729 1963 Zz
1164 1934 1251 1974 dem
