1877 2625
445 212 994 267 &3¹3ss

169 326 301 363 calaris
347 337 606 376 nuncupatur,
634 326 674 365 δε
712 327 821 366 Livio
850 340 959 366 omne
999 327 1272 376 superadditum

170 387 317 425 ternpus
351 378 630 416 Intercalarium
671 380 783 416 audit.
835 379 933 417 Hinc
968 379 1005 417 &
1033 380 1191 419 Comitia
1223 382 1283 420 di-‘

167 425 224 464 &a
261 431 385 465 Calata
430 430 567 478 quouis
605 428 801 477 plenilunio
836 429 969 467 habita.
1037 430 1135 467 Hinc
1163 432 1270 469 Kala-

169 486 270 514 tores
299 476 499 515 secundum
535 477 706 526 Istdorum
734 479 771 517 &
797 479 904 525 alios,
944 481 1141 518 Sacrorum
1168 484 1273 520 mini·

168 527 226 564 stri
263 539 426 577 quorum
466 531 614 575 negotia
653 542 729 567 non
765 530 857 568 adeo
895 530 1001 568 nobis
1046 543 1131 569 nota
1166 530 1268 581 sunt3

167 589 254 613 curn
282 590 402 616 tamen
424 578 469 616 ab
497 579 571 616 aliis
599 592 781 628 praecones
819 581 1061 619 Sacerdotum
1096 582 1270 621 dicuntur

167 627 204 664 &
233 629 447 667 Sacerdotes
488 642 614 667 curam
643 633 818 680 temporis
853 630 1070 681 supputandi
1099 632 1137 670 &
1166 633 1271 682 signi-

166 678 296 717 ficandi
325 680 518 724 haberent,
550 681 617 717 h'os
647 684 832 720 Calatores
857 682 1053 721 Plenilunia
1074 694 1198 722 notata
1215 686 1268 723 in-

164 728 298 769 dicasse
326 731 467 780 populo
484 758 494 777 ,
522 731 597 768 fere
625 730 813 770 crederem
840 735 892 779 k).

266 825 389 879 Qem
415 836 533 875 nuper
560 827 659 863 innui
696 826 943 864 intercalarem
973 825 1133 866 mensem
1157 838 1270 877 pecu-

163 874 238 912 liari
268 888 359 914 voce
380 876 648 913 Mer-kedonium
675 876 859 922 dicebant,
891 877 963 915 fine
981 878 1128 916 dubioa
1146 879 1268 930 Lapp.

164 926 355 974 MERKES,
383 926 556 971 Tardus,
587 926 690 963 tardo
718 926 844 975 gressu
874 928 1097 977 procedens,
1125 933 1266 980 quippe

163 973 267 1012 semel
302 976 477 1014 duntaxat
518 978 608 1015 intra
647 977 835 1015 Biennium
872 990 1063 1017 recurrens
1100 991 1121 1017 a
1161 979 1267 1020 tardi-

163 1037 234 1064 tate
261 1027 528 1065 nominabatur.

264 1122 420 1172 Propter
457 1123 724 1161 Men-kedonium
766 1135 840 1161 non
883 1123 1089 1163 incidebant
1127 1125 1264 1174 janua-

162 1173 236 1209 rius
266 1172 302 1210 &
337 1174 557 1211 Februarius
596 1175 630 1210 in
668 1172 870 1211 Consulum
906 1186 1077 1224 tempus,
1119 1176 1177 1214 sed
1206 1176 1265 1215 ille

164 1224 330 1260 Brumam
367 1222 703 1273 complefilebarur‚
745 1225 802 1261 vel
842 1225 1039 1262 Solstitium
1069 1227 1263 1272 Hiemale,

162 1285 249 1310 cum
284 1276 449 1311 maximae
476 1272 592 1311 esstnt
620 1273 788 1311 tenebrae.
841 1274 965 1322 Hujus
993 1288 1129 1315 nornen
1150 1279 1265 1325 igitur

132 1324 408 1373 ‚compositum
439 1325 526 1362 volo
556 1323 602 1360 ab
639 1324 718 1371 IJA,
760 1324 881 1375 Lapp.
916 1327 1138 1366 noaurnum
1174 1339 1263 1366 tem·

161 1385 230 1422 pus
255 1374 293 1411 &
320 1386 396 1424 quo
426 1374 582 1412 tenebrae
614 1385 786 1421 regnant,
823 1387 934 1424 atque
961 1388 1054 1413 voce
1082 1390 1180 1416 nunc
1203 1378 1264 1416 de-

159 1423 299 1472 perdita
326 1425 417 1471 (nisi
449 1424 545 1462 forte
578 1425 726 1462 NU01<A
759 1425 917 1462 multum
950 1424 1051 1474 satis)
1091 1428 1261 1478 adeoque

158 1474 358 1524 Januarius
387 1475 650 1525 appellaretur,
681 1475 780 1524 quasi
803 1476 939 1513 Mensis
973 1479 1235 1527 Tenebricosus.

269 1570 523 1610 FEBRUARms
558 1570 632 1609 fere
660 1570 780 1607 noster
814 1569 1020 1617 Januarius
1048 1584 1149 1620 erat,
1184 1586 1260 1624 quo

159 1617 278 1667 frigus
318 1633 392 1670 prae
417 1623 564 1672 reliquis
582 1620 762 1658 menfibus
785 1633 958 1667 acutum,
986 1633 1101 1671 quare
1124 1636 1261 1662 nomen

159 1671 302 1708 trahere
327 1671 471 1711 videtur
495 1685 515 1711 a
544 1674 714 1712 Pauossiz
741 1671 874 1721 Frigus
902 1672 1099 1713 vehemens
1136 1675 1260 1723 (unica

209 1732 302 1759 vor„
329 1733 404 1760 vu.
731 1723 763 1761 R
783 1734 802 1760 r
1182 1723 1258 1773 jam

264 1871 299 1912 k)
326 1873 372 1904 Πε
398 1874 442 1905 his
464 1872 550 1918 plura
571 1871 668 1905 dicam
691 1873 723 1906 in
750 1871 899 1907 Dissetm.
941 1872 978 1906 de
999 1875 1129 1909 Ratione
1152 1873 1260 1913 calem

156 1914 232 1949 darii
255 1918 398 1951 Romani.
