1877 2625
430 186 617 238 *a*
667 194 739 239 237
787 186 981 240 ἐᾷς·

158 282 367 323 Mam-mm
404 282 558 323 imbelles
596 282 743 327 Dame,
773 283 962 322 Hom-1¹10
993 281 1136 333 pavidae
1173 283 1250 321 Da-

156 347 241 379 mae,
271 333 438 371 SENECAE
467 338 605 373 veloces
633 336 780 378 Damae,
816 334 853 372 &
876 334 976 384 apud
1004 336 1189 371 OvmmM
1215 348 1251 372 a·

152 385 282 432 gitare
310 382 441 421 Damas
464 396 576 435 atque
610 384 710 434 apud
732 382 954 423 Vmcmum
975 386 1095 435 figere
1115 385 1252 423 Damas

157 445 360 472 occurrunt
380 433 540 484 phrases.

267 533 422 572 Dubitat
448 533 516 572 Da·
543 534 643 580 Rnr,
680 546 770 574 num
797 546 924 574 revera
952 536 1155 573 invematur
1180 538 1253 574 ani-

156 583 249 632 mal,
280 585 386 634 quale
416 585 595 622 Veterum
624 585 757 632 Dama,
782 587 955 624 cornibus
985 597 1118 635 nempe
1141 585 1254 624 adun-

157 636 219 672 cis.
262 633 407 673 ’'Dama
434 646 612 680 veterum,
638 637 775 685 inquit,
803 638 900 683 mm),
927 635 1099 675 cornibus
1128 638 1164 674 in
1192 636 1254 674 ad-

158 681 323 721 ''versum
347 685 496 723 aduncis
510 686 605 723 Plin.
632 685 692 725 lib.
720 695 782 724 11.
807 698 886 734 cap.
917 698 972 736 37.
991 686 1180 735 quodnam
1205 687 1254 724 A·

160 734 288 771 ”nimai
313 735 372 778 fit,
414 735 451 771 &
471 747 516 772 an
546 734 653 771 detur
681 733 860 780 ejusmodi
884 737 920 772 in
941 747 1067 773 rerum
1102 748 1255 781 natura,

159 784 310 822 '‘merito
340 783 564 821 dubitatur.’'
583 804 628 813 —
656 785 773 823 Nunc
798 796 921 822 autem
944 796 1048 824 notas
1076 785 1256 824 habemus

160 834 421 882 Antiloparum
462 832 596 883 species
632 834 765 872 multas
798 835 971 873 cornibus
997 837 1257 884 procurvatis,

160 884 206 920 de
241 882 374 932 quibus
403 882 495 921 infra
523 884 628 933 plura
659 884 872 933 loquemur,
912 884 972 924 sed
1000 886 1102 934 quod
1129 884 1256 930 sciam,

159 935 307 970 unicam
359 934 637 977 tantummodo,
693 946 826 982 nempe
863 937 911 973 A.
945 939 1117 984 Damam,
1152 933 1256 983 cujus

160 995 299 1021 cornua
323 996 409 1022 vere
433 988 563 1022 adunca
592 984 812 1023 nominanda
838 982 918 1024 sunt
948 987 1026 1036 nn).

270 1084 373 1122 Dum
397 1087 434 1122 in
458 1084 576 1122 Sierra
599 1083 727 1123 Leone
751 1085 1031 1132 commorabar,
1065 1088 1102 1123 in
1127 1086 1258 1124 monti-

161 1134 233 1171 bus
257 1134 349 1173 illius
374 1135 448 1173 iffiu
474 1132 621 1185 selopeti
649 1133 834 1173 interfeRa
848 1136 916 1174 fuit
930 1136 1123 1185 Antilope,
1152 1133 1259 1182 cujus

163 1183 296 1233 pellem
320 1185 488 1222 laniatam
512 1196 622 1234 atque
652 1197 792 1223 cornua
806 1187 967 1224 mutilata
995 1186 1069 1223 vidi
1094 1186 1132 1225 &
1153 1184 1259 1232 cujus

164 1234 328 1271 maxillas
370 1233 559 1272 inferiores
602 1235 724 1273 adhuc
756 1235 939 1284 possideo.
1001 1234 1260 1282 Magnitudine

161 1281 237 1331 ,esse
263 1296 383 1321 vaccae
409 1284 623 1322 minusculae
650 1285 739 1322 mihi
773 1283 1042 1323 destribebatur
1070 1285 1108 1322 &
1133 1284 1260 1322 colore

166 1335 278 1371 totius
304 1335 491 1382 corporis,
518 1334 610 1373 dum
636 1337 720 1373 viva
747 1346 842 1380 erat,
866 1333 1090 1373 luteo-fulba
1120 1334 1189 1378 vel,
1218 1345 1261 1372 ut

165 1381 285 1429 ajunt,
326 1384 516 1421 ochracea.
566 1385 600 1422 E
636 1384 788 1422 maxillis
816 1385 991 1434 pellisque
1017 1383 1261 1432 &agminibus

165 1433 192 1469 fi
219 1432 379 1480 judicare
403 1434 525 1477 liceat,
556 1435 602 1474 A.
614 1435 760 1482 scripta
786 1432 933 1471 inferius
951 1433 1152 1471 definienda
1179 1445 1261 1472 eam

170 1481 347 1531 majorem
380 1483 551 1522 dicerem.
605 1485 680 1522 Pili
710 1495 817 1571 gant
860 1484 1062 1522 mediocres
1089 1484 1128 1522 &
1161 1484 1261 1522 colo-

767 1543 795 1581 g
1206 1545 1257 1571 ns

174 1644 327 1655 ——-

256 1682 330 1722 mm)
357 1681 426 1723 Syn.
454 1680 565 1721 Qvadr.
583 1689 617 1719 p.
643 1687 685 1719 83.
723 1702 729 1705 .

260 1728 317 1766 nn)
341 1725 437 1767 Qale
457 1735 557 1756 revera
579 1723 730 1767 depicstum
752 1724 792 1756 est
817 1723 983 1756 solitarium
1003 1735 1097 1757 cornu
1118 1727 1149 1756 in
1168 1726 1262 1758 Burs:

169 1768 247 1809 Hist.
271 1770 346 1801 Nat.
377 1770 460 1802 Tom.
482 1769 568 1800 XII.
593 1773 615 1800 t.
633 1778 682 1808 32.
697 1768 732 1808 s.
748 1779 779 1809 3.
827 1768 884 1801 Sed
908 1770 939 1801 in
966 1771 1053 1801 icone
1074 1770 1180 1812 integri
1202 1772 1263 1809 ani-j

170 1814 256 1845 malis
280 1820 302 1846 t.
320 1825 370 1855 54.
388 1826 500 1846 cornua
521 1814 621 1856 potius
645 1812 774 1845 dicerem
798 1823 984 1856 procurvata.
1031 1813 1099 1846 Vid.
1121 1816 1206 1856 supra
1227 1825 1263 1855 p.

170 1868 230 1896 207.
249 1858 316 1901 sq„
344 1869 433 1908 quam
454 1858 589 1892 dedimus
597 1881 614 1900 ,,
637 1856 773 1892 definitio
804 1859 1043 1902 vocabulorum,
1079 1858 1207 1891 aduncus
1229 1861 1260 1892 ὅ(

171 1908 374 1945 procurvam&
