1877 2625
901 160 1450 209 ὣὲ-πυὸὣὲ--ιτ

633 259 706 296 aliis
739 257 978 295 animantibus
1016 256 1100 294 fitus
1135 256 1200 299 est,
1241 253 1338 291 unde
1378 254 1545 291 concludi
1581 253 1717 303 possit,

633 307 804 345 eumdem
836 309 869 344 in
913 308 1028 344 hocce
1056 309 1139 344 vivo
1172 304 1371 343 desiderari.
1400 324 1445 331 —
1487 304 1637 341 Cornua
1671 314 1718 341 et·

632 361 701 396 iam
731 357 911 394 Dorcoclir
940 357 975 393 &
994 358 1153 394 Kevelloe
1184 354 1355 393 cornibus
1385 353 1504 391 similia
1531 352 1634 397 sunt,
1665 365 1719 391 ut·

633 420 719 458 pote
745 409 844 447 striis,
875 419 963 456 quas
993 419 1136 450 vocant,
1167 403 1487 454 longitudinalibus
1503 404 1650 453 praedita
1672 414 1719 441 at·

634 470 704 507 que
731 459 870 494 annulis
898 457 1132 503 transversis,
1161 457 1214 493 his
1244 467 1359 492 tamen
1391 454 1428 490 &
1453 467 1606 491 numero
1635 465 1720 502 pau·

633 508 815 553 cioribus,
845 520 975 554 nempe
998 507 1081 544 ofi'co
1110 507 1167 543 vel
1196 517 1330 542 novem
1348 532 1356 548 ‚
1377 504 1414 541 &
1441 505 1617 554 pofitione
1635 503 1721 542 obli-

635 558 845 607 quioribus‚
881 557 1044 594 videlicet
1079 559 1112 593 in
1148 560 1261 594 antica
1296 566 1397 604 parte
1443 555 1560 592 multo
1603 555 1721 603 magis

635 607 795 646 demisfis
843 619 953 657 quam
995 609 1029 644 in
1067 618 1226 656 utroque
1269 606 1394 652 latere,
1434 604 1471 641 &
1509 607 1544 642 in
1588 605 1723 654 postica

634 671 765 708 parum
794 656 1005 706 conspicuis.
1059 656 1241 694 Validiora
1270 655 1371 693 simul
1401 652 1479 692 sunt
1516 654 1552 691 δε
1582 653 1724 702 grandi-

637 721 720 751 ora,
751 708 830 757 plus
856 720 967 756 quam
989 707 1118 756 pedem
1147 707 1256 754 longa
1286 704 1434 748 scilicet,
1459 704 1495 741 &
1520 705 1658 743 ambitu
1678 702 1725 741 ad

637 758 733 795 basin
765 760 925 807 quinque
952 770 1037 794 cum
1067 757 1216 795 dimidio
1253 757 1438 803 pollicum.
1491 755 1562 793 Sed
1589 755 1724 804 alioqui

638 821 755 858 prope
780 811 901 844 teretia
920 807 1012 853 sunt,
1028 819 1136 856 atque
1161 806 1322 852 ejusdem
1342 805 1473 848 ferme,
1495 817 1575 854 quae
1593 809 1625 843 in
1647 816 1725 842 cor-

638 859 744 896 nibus
779 856 976 907 specierum
1012 858 1125 893 modo
1155 857 1331 894 dieiarum
1359 867 1528 904 apparet,
1562 855 1727 892 direffio·

640 910 713 952 nis,
741 920 823 944 nam
849 910 1008 956 primum
1035 906 1180 955 oblique
1206 904 1403 944 retrorsum
1431 905 1727 953 extrorsumque,

639 957 768 994 deinde
796 957 988 994 introrsum
1017 969 1235 998 curvantur,
1271 956 1307 992 &
1331 954 1476 992 tandem
1506 954 1639 993 sursum
1674 966 1726 991 re-

640 1008 834 1046 fleetuntur
859 1005 1145 1051 summitatibus,
1168 1009 1214 1043 ita
1240 1006 1401 1056 quidem,
1426 1017 1466 1042 ut
1495 1005 1566 1043 basi
1583 1005 1666 1043 (fito
1693 1004 1729 1041 li-

641 1071 747 1103 neas,
777 1058 899 1095 medio
927 1059 1090 1107 quinque
1113 1056 1387 1106 propemodum
1402 1056 1549 1104 pollices
1567 1056 1603 1094 &
1626 1056 1729 1104 apice

642 1109 738 1146 duos
781 1109 928 1157 pollices
969 1120 1054 1146 cum
1090 1107 1240 1145 dimidio
1268 1109 1360 1144 inter
1404 1103 1437 1142 se
1474 1106 1611 1144 distent.
1669 1105 1729 1142 Sic

644 1157 914 1201 describuntur,
943 1157 1000 1195 sed
1042 1160 1075 1194 in
1104 1160 1208 1196 icone
1233 1169 1372 1195 cornua
1399 1156 1520 1195 Boum
1542 1159 1729 1196 incurvata

643 1211 766 1258 potius
796 1207 972 1254 referunt,
997 1212 1036 1245 bb
1050 1209 1075 1254 ).

745 1332 837 1369 Haec
861 1332 935 1369 duo
962 1331 1145 1378 animalia,
1182 1334 1324 1370 Lerzvee
1358 1331 1521 1370 videlicet
1555 1332 1593 1370 &
1629 1333 1731 1377 Kob,

645 1384 681 1419 in
708 1394 819 1419 unam
848 1380 998 1430 speeiem
1030 1381 1246 1428 conjunffia,
1281 1385 1405 1430 generi
1445 1383 1636 1432 Antilopes
1670 1393 1731 1418 no·

647 1434 744 1469 mine
765 1434 906 1469 Lerviae
935 1432 1014 1478 post
1032 1433 1259 1479 leucophaemn
1283 1431 1426 1470 inseruit
1451 1433 1613 1471 PALLAS.
1645 1431 1734 1482 Qi-

648 1482 717 1521 bus
743 1495 832 1520 vero
859 1482 989 1521 duaus
1027 1482 1226 1520 rationibus
1255 1482 1291 1520 id
1312 1481 1454 1529 fecerit,
1484 1496 1528 1522 eo
1556 1483 1734 1522 difficilius

1651 1544 1732 1584 pot·

744 1668 801 1706 bb)
825 1667 919 1697 Verba
945 1665 1002 1708 ipsa
1029 1668 1058 1696 in
1086 1665 1185 1707 lingua
1219 1665 1324 1707 gallica
1354 1666 1414 1696 liaec
1445 1662 1524 1695 sunt:
1554 1663 1613 1693 Le:
1637 1673 1736 1694 tornes

651 1723 689 1743 αιι
704 1710 799 1753 fhrtir
824 1713 863 1741 du
876 1712 967 1751 front
988 1708 1345 1752 s‘e¹te⁷1dentobliquement
1369 1721 1402 1740 m
1429 1705 1540 1739 αννίἑνι
1561 1705 1602 1739 θ’
1623 1718 1656 1737 en
1688 1707 1735 1738 dc.

650 1758 737 1792 hors,
763 1755 867 1796 ensuite
891 1756 955 1786 elles
970 1755 1003 1794 se
1025 1756 1159 1785 τουπ-[κτα
1189 1766 1222 1786 m
1250 1755 1357 1785 dedans
1386 1751 1427 1785 θ’
1447 1752 1482 1793 se
1509 1753 1676 1783 recourbent
1703 1762 1736 1782 m

652 1802 721 1832 haut
736 1810 798 1839 par
820 1800 882 1831 lem·
899 1802 997 1841 partie
1013 1798 1200 1840 sszrieure,
1224 1801 1317 1831 Burr.
1341 1797 1415 1839 Hist
1440 1797 1516 1829 Nat.
1553 1796 1636 1829 Tom.
1659 1795 1738 1827 XII

648 1857 680 1887 p.
705 1847 783 1882 267..
809 1848 839 1877 ἀ
863 1857 932 1877 cum
954 1845 1012 1877 illis
1036 1843 1206 1877 conferatur
1237 1844 1307 1876 Tab.
1329 1854 1375 1884 52.
1390 1843 1423 1884 f.
1448 1853 1470 1874 ι.
