1877 2625
864 185 1414 238 &36:¹¹²ssssss

592 288 772 336 vigilavit,
796 296 837 325 ut
863 286 1036 324 idoneum
1069 299 1164 326 anno
1199 297 1375 325 moccm.
1399 283 1574 331 judiearet
1602 285 1685 324 Col-

591 340 730 386 legium
758 337 1055 386 Gymnasticum,
1092 349 1203 388 quem
1241 336 1445 375 honorifico
1481 337 1685 374 testimonio

590 391 775 427 munitum
805 386 1035 426 Academicis
1058 388 1199 426 circulis
1227 389 1445 424 immitteret.
1498 386 1685 435 Campum

590 441 722 486 igitur,
747 439 808 486 qui
837 436 987 486 Upsaliae
1016 437 1300 487 septemdecenni
1331 436 1482 477 advena:
1516 435 1687 483 amplissi-

590 500 675 526 mus
702 487 947 537 aperiebatur,
996 499 1085 524 mox
1124 486 1302 534 ingressus
1345 486 1393 524 est
1424 487 1529 523 alacri
1565 485 1625 523 illo
1652 493 1689 521 et

590 538 713 576 fidenti
734 539 1008 586 animo‚quem
1023 535 1177 574 discendi
1203 536 1314 573 ardor
1340 546 1375 574 et
1404 547 1525 584 parata
1551 536 1687 582 lingva-

590 600 675 625 rum
699 589 823 636 copia,
851 599 922 624 una
944 599 1028 623 curn
1050 588 1234 624 elementis
1249 588 1430 624 variarum
1444 584 1686 628 scientiarum,

590 637 825 675 suscitaverat.
840 637 886 673 Et
907 648 1130 686 quamquam
1155 637 1286 674 harum
1309 635 1443 673 nullam
1459 634 1687 683 negligebat,

590 687 650 725 sed
673 686 747 734 jam
773 698 872 733 turn,
899 699 939 724 nt
962 699 1027 735 per
1057 689 1173 724 vitam
1204 687 1286 723 dein
1322 697 1492 728 ornnem,
1527 684 1690 721 industri-

590 750 651 775 am
676 737 892 786 quamlibet,
919 738 1085 774 humanae
1112 739 1242 774 mentis
1275 735 1502 773 facultatibus
1526 734 1689 771 excolen-

590 788 645 826 dis
677 800 711 824 et
738 786 924 834 multiplici
958 799 1098 828 rerum,
1124 786 1256 835 quibus
1281 788 1444 822 munitur
1480 785 1688 822 communis

590 838 787 875 hominum
821 835 991 878 societas,
1036 839 1169 884 peritia:
1201 835 1379 882 augendae
1417 832 1689 880 inservientem,

591 889 714 934 magni
732 884 905 931 faciebat,
921 885 1182 922 mathematicis
1208 895 1328 922 tamen
1351 896 1388 920 et
1407 884 1561 932 physicis
1585 884 1689 920 seien-

592 939 666 980 tiis,
696 947 777 972 ante
804 945 941 972 ceteras
969 946 1118 983 operam
1148 934 1257 971 dedit.
1308 934 1468 982 ,Juvenili
1505 945 1593 971 vero
1625 931 1691 969 fer·

590 987 697 1029 voti,
723 986 781 1022 cui
809 996 925 1022 novos
954 985 1115 1022 stImulos
1145 982 1303 1021 crescens
1331 986 1367 1020 in
1394 983 1469 1021 dies
1497 985 1690 1020 veritatum

588 1046 847 1087 perceptarum
877 1046 1052 1072 numerus
1079 1034 1236 1082 addidit,
1272 1045 1434 1082 eousque
1462 1032 1689 1080 indulgebat,

588 1096 632 1124 ut
659 1087 809 1134 corpori
831 1083 995 1122 curando
1024 1085 1108 1121 nihil
1133 1082 1208 1122 fere
1234 1086 1406 1133 temporis
1427 1084 1610 1133 reliquum
1638 1094 1690 1119 es-

590 1134 652 1173 set.
704 1135 743 1172 ln
769 1134 866 1171 libris
894 1147 914 1171 a
931 1134 1091 1172 diluculo
1116 1135 1161 1172 ad
1185 1146 1371 1183 vesperam
1396 1145 1514 1183 usque
1532 1133 1692 1177 defixus,

592 1197 629 1224 et
656 1185 785 1232 vigiliis
800 1196 942 1233 partem
962 1184 1145 1234 quandam
1167 1186 1282 1223 noffis
1300 1195 1449 1233 quoque
1474 1184 1688 1229 transigem,

591 1234 778 1272 vacillante
805 1233 953 1282 saepius,
985 1246 1056 1283 qua
1089 1235 1161 1271 huc
1198 1233 1310 1283 usque
1340 1234 1435 1270 bona
1464 1233 1546 1269 usus
1575 1232 1690 1269 fuerat

592 1284 815 1328 valetudine,
845 1284 1110 1320 immutandam
1139 1283 1212 1320 esse
1241 1285 1496 1332 aliquantisper
1521 1285 1601 1318 vitae
1638 1294 1689 1318 ra-

592 1338 729 1371 tionem
756 1332 901 1370 tandem
932 1334 1112 1371 intellexit.
1173 1333 1237 1371 Ad
1268 1335 1403 1379 patrios
1441 1336 1562 1381 itaque
1598 1333 1689 1367 lares

592 1381 755 1421 reversus
783 1383 949 1420 Historiae
982 1383 1168 1420 Naturalis
1198 1383 1340 1429 studio,
1359 1394 1425 1431 per
1440 1383 1574 1419 astares
1602 1393 1692 1428 prae-

593 1436 721 1483 cipue,
746 1431 940 1470 severiores
965 1445 1069 1470 curas
1090 1433 1346 1481 interpellavit,
1381 1444 1456 1481 quo
1481 1444 1552 1468 non
1575 1429 1691 1468 solum

591 1485 637 1520 ad
666 1485 850 1520 interiores
879 1485 1000 1530 magni
1029 1483 1157 1519 theatri
1194 1481 1353 1519 recessus
1393 1491 1615 1530 penetraret,
1655 1492 1692 1518 et

591 1534 792 1576 miraculis,
821 1532 953 1582 quibus
981 1531 1155 1569 refertum
1183 1531 1255 1569 esse
1278 1532 1432 1577 constat,
1457 1532 1598 1568 millein
1614 1543 1691 1567 mo-

592 1584 660 1620 do<
690 1585 830 1619 variatis
846 1610 855 1626 ,
885 1582 1013 1618 oculos
1036 1584 1274 1631 animumque
1294 1580 1467 1631 pasceret,
1492 1579 1690 1627 sedetiam,

593 1632 723 1670 herim
757 1645 791 1668 et
818 1630 944 1669 insecta
983 1644 1048 1680 per
1079 1643 1250 1681 campos,
1289 1632 1419 1676 valles,
1451 1642 1690 1679 momenque,

593 1694 690 1718 nunc
733 1682 932 1723 currendo,
975 1693 1071 1718 nunc
1115 1681 1358 1730 perreptando
1399 1681 1690 1730 conquisiturus,

593 1730 722 1768 fractas
750 1733 916 1773 corporis
946 1733 1037 1768 vires
1063 1731 1236 1768 reficeret.
1296 1732 1382 1770 Nec
1412 1730 1528 1769 defuit
1555 1741 1692 1779 propo-

593 1781 659 1817 {ito
685 1779 874 1818 successus,
903 1780 998 1827 Qnae
1024 1781 1219 1827 collegerat
1236 1793 1368 1819 attente
1390 1783 1601 1818 examinans
1617 1791 1691 1817 non

593 1830 709 1868 modo
737 1842 852 1869 novas
880 1829 1100 1870 Iniefi‘torum
1121 1829 1256 1881 species
1290 1829 1325 1870 se
1355 1829 1526 1872 detexisse
1549 1830 1690 1917 laetatusss:

1639 1892 1658 1918 e
