1877 2625
436 196 990 248 ⁸¹¹2srssi·=··363ss=a÷

165 298 237 346 est,
272 295 331 334 sed
363 294 470 345 etjam
506 296 626 336 ansam
660 296 928 336 nanciscebatur
963 297 1167 340 admodum
1200 316 1265 355 op-

165 360 363 398 portunam
393 347 570 394 ejusmodi
612 349 909 387 instituendarum
948 348 1264 400 observationum,

165 398 321 448 quibus,
347 396 558 436 succedente
586 411 776 450 tempore„
800 399 1056 449 quaestionibus
1080 415 1152 440 non
1178 416 1265 453 pau.

164 452 239 496 εἰς,
274 451 367 485 circa
401 447 575 493 familias,
612 453 891 496 oeconomiam,
928 446 1033 486 usum
1062 462 1096 488 et
1131 465 1265 492 noxam

163 496 384 536 Inseaorum
413 498 683 549 Verqumque
712 498 870 546 obortis,
906 498 1025 536 lucem
1052 501 1266 551 inexspeSla-

164 560 238 585 tam
265 546 431 586 adferret.
485 550 604 586 Immo
631 548 735 587 ausus
762 552 811 588 est
833 549 987 587 Naturae
1013 562 1099 587 tunc
1125 564 1266 603 tempo-

161 601 210 635 ris
240 600 477 646 Protomystae
501 599 677 648 pyxidem
696 601 936 637 transmittere
962 601 1182 640 animalculis
1203 616 1265 641 va-

158 650 223 685 riis
252 651 286 685 in
311 646 604 698 supplementum
638 651 770 686 Faunae
794 650 952 687 Suecicae
966 650 1150 699 repletam.
1187 654 1267 691 Sol·

160 698 299 736 lertiam
328 701 361 735 in
389 697 538 744 juvene,
573 699 634 737 fibi
664 701 737 737 huc
766 711 886 748 usque
919 701 1072 746 ignoto,
1112 714 1265 750 magno-

160 760 247 797 pere
287 748 454 785 laudabat
493 750 696 791 meaeus,
732 749 966 793 hortabatur,
1014 761 1055 787 ut
1094 763 1264 800 pergeret

161 798 293 834 eodem
322 797 455 841 stadio,
486 798 585 835 simul
615 799 775 836 indicans
801 811 844 835 ex
864 798 977 835 missis
996 800 1088 836 inter
1115 801 1265 838 Bonam-

160 859 225 884 cES
257 845 289 885 se
313 845 487 896 recepisse
514 851 707 885 monacham
745 861 780 885 et
813 849 1033 892 camelinam,
1067 852 1159 888 inter
1184 853 1264 890 No-

161 908 286 934 CTUAS
330 898 567 942 Parthenios,
616 899 912 945 conspicillnrem,
956 898 1262 946 petspicillarem,

153 947 408 993 flavicornem,
437 945 632 994 plebejum,
662 951 752 984 inter
776 947 1026 985 GEOMETRAS
1046 951 1264 996 permarinm,

158 999 252 1034 inter
282 997 512 1034 TORTRmEs
548 999 755 1043 Ledianom‚
774 1009 818 1045 ‘et
841 1008 951 1045 quam
974 1000 1091 1035 aureis
1120 1001 1262 1048 punffis

158 1048 414 1095 argenteisque
433 1046 557 1084 balteis
578 1045 793 1095 speciosam,
822 1049 856 1083 in
881 1055 1098 1096 perpetuam
1123 1051 1170 1086 rei
1189 1063 1263 1088 me-

157 1098 317 1134 moriam
340 1097 633 1143 Bergmanianam
661 1097 889 1145 apellaverat.
946 1098 1112 1135 Multum
1140 1111 1260 1138 tamen

158 1144 291 1191 abfuit,
313 1158 353 1183 Ut
368 1146 658 1194 Entomologicis
673 1146 952 1184 amoenitatibus
975 1144 1008 1184 se
1023 1159 1143 1186 t0tum
1161 1150 1262 1188 daret

157 1196 307 1235 Noster.
345 1197 606 1234 Mathematica
631 1196 744 1234 studia
772 1195 921 1234 subinde
945 1200 1107 1246 repetiit,
1129 1200 1190 1237 etsi
1206 1213 1264 1238 eo-

155 1258 240 1284 rum
271 1245 422 1284 culturae
466 1257 540 1282 non
583 1248 756 1293 exiguam
794 1258 977 1283 remoram
1013 1246 1187 1296 faciebat,
1225 1252 1262 1287 in

158 1308 271 1346 quam
297 1295 392 1334 forte
419 1295 612 1343 inciderat,
640 1295 803 1343 Algebra
831 1296 1102 1342 PALMQfflsTn.
1145 1299 1265 1337 Scatet

155 1358 290 1395 nempe
321 1346 379 1382 hic
406 1345 497 1383 liber
533 1346 719 1383 erroribus
746 1346 1024 1394 typographicis
1051 1347 1261 1386 difficillime

157 1395 401 1445 corrigendis,
440 1397 610 1444 peritiore
649 1393 846 1444 praesertim
889 1397 1033 1432 nemine
1069 1396 1261 1445 praesente,

158 1448 222 1496 qui
251 1448 343 1483 inter
373 1443 486 1492 syrtes
516 1447 613 1482 viam
637 1445 864 1482 monstraret.
931 1445 987 1482 Eo
1014 1457 1104 1483 vero
1133 1446 1261 1494 majori

157 1508 193 1533 et
211 1494 315 1544 supra
344 1506 456 1544 quam
484 1493 552 1532 dici
579 1495 698 1543 potest
726 1493 946 1538 abundanti,
969 1506 1010 1531 ur
1035 1494 1111 1543 Ipse
1135 1495 1261 1546 saepius

155 1545 341 1587 narrabat,
369 1543 658 1595 perfundebatur
681 1545 817 1587 laetitia,
858 1543 1006 1593 quando
1025 1546 1151 1594 plures
1180 1549 1262 1596 post

156 1596 233 1633 dies
262 1595 402 1632 nodum
433 1594 576 1632 tandem
600 1593 742 1632 solvere
765 1592 986 1632 successerat.
1036 1595 1162 1646 Itaque
1186 1610 1261 1636 non

156 1645 367 1683 cunctanter
397 1644 555 1682 oblatam
584 1644 629 1681 ad
667 1643 851 1694 Upsaliam
889 1644 1065 1682 redeundi
1107 1648 1261 1685 occasio-

155 1707 242 1734 nem
269 1696 440 1744 arripuit,
466 1706 540 1744 quo
566 1694 775 1732 nouorum
808 1693 1117 1732 Academicorum
1141 1709 1261 1734 exem-

152 1746 244 1795 plis,
292 1744 603 1793 praeleffiofflbus,
634 1744 805 1789 consiliis,
836 1743 935 1780 libris
971 1742 1134 1791 adjums,
1172 1749 1260 1785 inot.

153 1794 253 1834 fenso
282 1794 376 1843 pede
401 1806 616 1844 properaret
640 1794 685 1831 ad
714 1806 868 1836 metam,
886 1805 997 1843 quam
1021 1795 1146 1833 ereffltae
1159 1809 1258 1835 men.

155 1847 200 1884 tis
227 1845 423 1885 constantia
445 1856 481 1884 et
504 1847 674 1886 continue
697 1844 911 1895 proficiendi
927 1844 1178 1895 cupidinejam
1195 1847 1258 1885 diu

1157 1909 1259 1936 com-
