1877 2625
381 207 988 258 ‘Qssss-233Q—sse

265 303 359 339 Inter
383 303 504 352 plures
533 303 605 340 illas
635 303 826 352 Antilopes
855 302 1006 353 species,
1047 317 1136 355 quas
1173 317 1254 355 pro=

163 354 264 400 prius
292 351 462 402 inspicere
490 353 526 390 δι
555 356 773 400 examinare,
801 354 856 391 vel
887 354 931 391 de
962 355 1093 403 quibus
1121 356 1256 406 aliquid

133 425 136 427 -
163 404 281 439 saltim
311 401 492 441 resciscere
521 405 554 439 in
576 404 720 441 Guinea
739 409 983 441 commoranti
1016 407 1101 443 mihi
1130 408 1251 453 licuit,

162 464 233 489 una
249 454 308 497 est,
324 465 433 503 quam
455 453 500 489 ibi
522 455 633 490 vitam
646 452 820 501 degentes
835 455 945 502 Angli
962 455 1000 493 δε
1018 457 1072 493 alii
1090 467 1255 505 quoque,

160 502 292 550 linguae
317 515 445 540 eorum
474 506 594 550 gnari,
627 516 705 541 tum
729 504 907 552 indigenae
937 518 1014 543 tum
1041 508 1161 544 coloni
1184 505 1256 539 κατ’

159 550 267 596 ἔξοχήν
298 555 371 590 Red
414 554 508 590 Deer
544 553 782 603 appellabant.
838 555 924 593 Hoc
957 557 1107 600 animal,
1151 556 1254 606 quod

160 605 209 643 A.
235 605 375 651 scripte?
404 602 518 650 majus
541 603 576 640 δε
593 616 711 641 totum
731 603 854 642 rufum
873 603 1159 650 describebatur,
1190 609 1255 645 erit

114 700 118 703 ‚
159 654 317 692 fortassis
343 653 398 690 vel
430 653 603 703 Antilope
628 656 706 692 Kob
737 655 791 692 vel
818 659 955 704 species
981 659 1010 693 ei
1035 660 1254 704 cognatione

150 706 378 754 propinqua.
428 704 547 749 Idem,
578 716 618 741 ut
653 703 863 752 dicebatur,
899 705 961 742 sub
994 710 1254 755 peregrinatio-

160 768 205 792 ne
233 766 312 791 mea
338 756 372 791 in
401 756 551 802 regione
579 751 826 797 Susuenfium,
858 755 917 791 ubi
946 754 1119 805 frequens
1144 757 1180 794 id
1206 752 1267 794 es-⁴

158 803 191 842 se
219 803 434 845 narrabant,
477 805 567 841 mihi
591 806 698 841 etiam
727 803 831 842 semel
870 805 1070 844 videndum
1097 804 1164 844 sese
1192 806 1257 844 ob-

158 853 297 892 ferebat
323 854 367 891 ad
395 854 552 903 aliquam
578 854 779 892 distantiam
807 868 1100 905 praetercurrens.
1153 858 1255 902 Erat,

162 917 341 955 quantum
368 917 386 940 e
416 905 620 954 longinquo
645 903 806 951 judicare
840 905 1005 955 possem,
1037 908 1256 955 magnitudi-

158 969 211 994 ne·
230 956 271 992 C.
307 955 424 992 Damae
454 954 491 991 8<
516 954 687 992 cornibus
718 968 897 993 armatum
935 960 1095 1005 magnis,
1137 958 1256 1007 qualia

158 1006 214 1043 ut'
233 1005 426 1054 Antilopes
460 1007 537 1042 Kob
579 1005 810 1054 depingenda
844 1009 984 1044 curavit
1013 1008 1178 1046 BUFFON.
1207 1028 1253 1037 -

157 1056 198 1093 In
232 1054 492 1093 remotioribus
526 1057 866 1099 montiumSierrae
904 1057 1038 1095 Leonae
1074 1058 1253 1096 traffibus

156 1108 306 1156 reperiri
331 1117 485 1155 quoque
509 1106 702 1145 audiebam
727 1118 860 1154 magna
888 1110 995 1157 copia
1028 1109 1157 1147 animal
1193 1122 1253 1148 co·

157 1158 235 1196 lore
274 1155 417 1201 rufum,
464 1155 567 1205 quod
603 1156 698 1194 idem
735 1157 808 1194 esse
846 1160 976 1206 poterit
1000 1172 1042 1197 ac
1081 1157 1252 1198 susuense.

156 1208 193 1244 A
223 1206 363 1245 colonis
393 1205 591 1244 vocabatur
619 1208 703 1244 wild
735 1210 815 1245 Θου)
843 1208 879 1244 ἃ
912 1208 957 1244 ab
982 1209 1161 1256 indigenis
1198 1207 1254 1246 sae-

158 1268 364 1307 penumero
412 1258 527 1293 carnis
567 1255 691 1293 caussa
737 1257 772 1293 δε
822 1270 1005 1296 cornuum
1053 1259 1255 1309 figebatur,

158 1305 458 1358 quandoquidem
485 1306 541 1343 illa
571 1318 611 1344 ur
635 1306 740 1344 valde
769 1306 863 1345 bona
891 1306 981 1346 vesci
1011 1310 1046 1346 &
1075 1312 1151 1347 haec
1182 1321 1253 1359 pro

157 1357 244 1395 tuba
264 1355 421 1394 solebant
445 1356 579 1393 inflare.
632 1357 728 1395 Tale
752 1360 859 1394 etiam
882 1369 1001 1396 cornu
1028 1359 1101 1408 ipse
1126 1360 1252 1407 habui,
1298 1363 1302 1367 ’

157 1409 196 1448 &
224 1407 347 1458 quoad
375 1406 449 1455 ejus
475 1409 725 1455 meminerim,
753 1407 863 1445 {imile
893 1420 968 1446 erat
994 1412 1105 1456 iconi,
1137 1421 1251 1461 quam

1184 1471 1252 1498 tra-

156 1623 274 1668 quando
299 1623 337 1657 ad
362 1628 394 1658 A.
420 1626 557 1657 Bubalim
581 1628 733 1664 venimus,
760 1627 843 1669 plura
867 1637 1059 1669 exponemus,
1089 1643 1133 1651 -
1167 1627 1252 1658 Tan-

117 1685 119 1687 ·
156 1670 223 1701 dem
245 1681 261 1700 e
285 1682 316 1701 re
336 1671 397 1709 est,
432 1680 463 1702 ut
488 1671 711 1715 ambiguitatem
738 1672 896 1714 quamdam
929 1681 1065 1703 notemus
1094 1673 1124 1703 in
1155 1671 1248 1713 defig-

155 1714 255 1746 nando
270 1716 333 1745 Kob
345 1726 566 1752 occurrentem,
592 1718 684 1747 Buff.
703 1717 804 1757 Schpl.
823 1728 845 1749 c.
870 1717 1051 1757 p.140.,ubi
1070 1717 1194 1759 legitur:
1218 1716 1253 1747 Il

157 1761 216 1799 (M.
238 1760 368 1799 Forsser)
392 1761 434 1790 dit
463 1771 516 1801 qne
548 1767 590 1791 cet
613 1762 722 1791 animal
749 1763 828 1792 auoit
859 1772 913 1792 une
941 1761 1020 1792 taclie
1054 1761 1253 1803 triangulaire

157 1803 274 1835 blanche
298 1815 335 1835 au
363 1806 414 1835 bas
437 1805 486 1835 des
510 1816 617 1838 corms.
666 1806 786 1839 Verba:
811 1818 849 1837 cm
872 1807 933 1840 has,
956 1806 1122 1848 duplicem,
1151 1804 1174 1836 fi
1206 1817 1251 1836 re-

157 1850 204 1880 ste
230 1848 387 1889 intelligo,
425 1849 653 1892 explicationem
685 1853 875 1893 permittunt,
910 1854 947 1882 ita
972 1851 1111 1893 quidem,
1145 1860 1177 1882 ut
1204 1849 1253 1881 vel

152 1903 250 1934 prope
277 1894 351 1937 bqfin
373 1893 419 1925 vel
442 1895 473 1925 in
495 1893 592 1935 ivfima
608 1900 698 1936 parte
720 1897 792 1926 verti
817 1894 952 1938 possent3
984 1906 1072 1940 atque
1093 1894 1170 1929 adeo
1191 1905 1251 1938 ego

157 1939 245 1971 etiam
268 1939 407 1983 ambigue
432 1950 480 1971 me
500 1942 665 1983 exprimere
686 1941 805 1972 coaetus
827 1940 880 1972 fui.
