1877 2625
868 149 1420 197 &3536ssss

591 246 919 286 Transaffionibus
942 245 1233 284 Londinenfibus
1260 243 1415 285 inseruit.
1470 247 1568 285 Huic
1596 246 1692 285 Pha:-

591 309 752 335 nomeno
786 297 944 334 multum
985 306 1134 345 quoque
1170 297 1259 334 lucis
1297 297 1414 334 attulit
1454 297 1630 335 Oratione
1657 300 1692 334 in

594 345 756 386 consessu
772 347 978 385 Academiae
992 347 1173 384 Scientiar.
1188 347 1413 384 Stockholm.
1426 359 1507 396 quae
1522 348 1616 384 Eum
1630 348 1693 385 fibi

592 396 817 435 ordinarium
845 395 1059 434 membrum
1085 408 1342 446 cooptaverat‚
1360 409 1455 434 anno
1475 407 1693 434 Mochxrv.

592 445 731 485 habita:
760 447 812 485 De
843 446 1019 495 Praefidiis
1048 450 1092 482 acl
1114 451 1380 483 averruncanda
1405 447 1574 484 Fulminis
1601 448 1695 494 peri-

593 499 671 535 cula
698 498 918 544 adhibendis,
941 499 975 533 in
1011 507 1082 545 qua
1106 508 1234 545 praeter
1259 507 1474 544 argumenta
1502 499 1599 534 varia
1621 508 1696 533 tam

593 545 760 596 phyfica‚
789 558 900 596 quam
930 546 1111 588 historica,
1135 548 1258 595 primo
1285 545 1372 584 serio
1411 547 1537 585 docuit
1567 544 1696 590 usum,

595 607 708 645 quem
732 598 767 634 in
794 595 1012 634 abducendo
1046 596 1197 633 fulmine
1229 596 1497 646 compendiaria
1527 599 1582 634 via
1609 609 1697 645 prae-

593 647 685 684 stare
711 644 862 695 possunt
883 646 1015 693 tegulae
1038 646 1120 684 tecti
1143 647 1328 685 metallicae
1347 658 1382 684 et
1402 647 1567 684 stillicidia
1582 648 1700 696 plum-

594 697 680 738 bea,
706 708 819 746 quam
846 697 997 734 eandem
1025 708 1102 733 rem
1131 698 1167 734 in
1192 697 1295 735 Affls
1323 697 1556 741 Academiae,
1585 697 1700 734 Volu-

595 748 694 784 mine
721 758 831 784 xxxi.
860 747 1010 784 ulterius
1033 746 1249 795 explanavit.
1301 747 1487 795 Splendidi
1513 748 1603 784 illius
1629 746 1701 783 Lu-

594 797 704 836 minis
729 798 1010 846 Apparitiones‚
1041 808 1122 845 quae
1148 798 1302 833 Auroroe
1325 799 1488 834 Bor-ealis
1516 799 1663 834 nomine
1680 808 1702 833 a

595 845 745 894 reliquis
773 848 806 882 in
835 846 1077 893 atmosphaera
1109 849 1281 882 meteoris
1307 845 1593 894 distingvuntur‚
1618 858 1701 883 ocu-

595 896 638 934 lis
666 907 701 932 et
728 894 866 932 calculo
897 907 961 943 per
989 895 1111 943 plures
1138 907 1253 931 annos
1276 907 1319 931 eo
1340 896 1517 933 intensiori
1541 893 1703 945 perseve-

597 948 711 984 rantia
739 942 944 982 subsecutus
968 945 1037 991 est,
1067 956 1144 994 quo
1173 943 1392 991 majoribus,
1411 956 1483 994 qua
1503 947 1703 993 originem,

597 994 823 1033 altitudinem
850 1006 885 1031 et
913 1007 1049 1037 cetera,
1076 994 1196 1031 adhuc
1222 998 1338 1043 premi
1357 994 1628 1033 difficultatibus
1643 1008 1706 1033 no-

597 1057 720 1090 verat,
748 1044 896 1082 asfiduis
923 1055 1035 1093 atque
1062 1046 1237 1082 accuratis
1267 1042 1580 1082 observationibus
1600 1047 1706 1083 unice

598 1094 796 1138 solvendis,
826 1105 980 1143 eamque
1011 1106 1162 1143 operam
1190 1106 1210 1131 a
1235 1094 1393 1142 Physicis
1417 1094 1631 1133 arfflcarum
1651 1108 1705 1133 re·

600 1148 777 1194 gionum,
802 1147 836 1181 in
866 1144 1000 1193 quibus
1024 1155 1059 1181 et
1080 1143 1306 1193 frequentius
1327 1155 1503 1193 apparent
1522 1146 1591 1183 istae
1606 1144 1708 1183 flam·

599 1195 730 1241 mulae,
758 1207 793 1231 et
819 1194 866 1231 ad
893 1195 1058 1232 altiorem
1085 1194 1176 1231 coeli
1205 1205 1348 1242 partem
1367 1193 1606 1239 adscendunt,
1626 1194 1708 1242 jure

602 1242 809 1294 exspesslari.
861 1244 1018 1282 Fructus
1047 1243 1252 1291 vigiliarum
1289 1242 1431 1281 servant
1466 1244 1558 1283 Agla
1585 1243 1706 1294 Upsal.

600 1293 760 1332 Londin.
781 1305 816 1330 et
832 1293 1169 1338 Stockholmienfia‚
1191 1296 1224 1330 in
1248 1292 1382 1341 quibus
1403 1293 1619 1332 exhibentur
1634 1296 1710 1332 Au·

602 1356 702 1380 rorae
725 1345 894 1380 Boreales
924 1343 1120 1390 observatae
1151 1345 1252 1380 annis
1288 1353 1485 1391 MDCCle,
1514 1354 1590 1390 Lx,
1623 1354 1707 1388 Lx1,

602 1400 700 1431 Exn.
753 1393 1027 1437 Observationes
1056 1398 1100 1430 ad
1127 1394 1298 1430 Auroros
1322 1394 1493 1431 Boreales
1523 1397 1557 1432 in
1582 1395 1709 1432 Sueeia

603 1454 699 1481 anno
728 1452 935 1479 MDchxn.
961 1453 997 1481 et
1024 1442 1279 1481 Commutatio
1313 1447 1354 1479 de
1385 1444 1544 1482 Aurorae
1575 1446 1709 1483 Borea-

605 1494 654 1531 lis
682 1492 902 1530 Altitudine.

715 1589 925 1628 Caelestibus
955 1600 1081 1627 autem
1107 1591 1290 1629 miraculis
1315 1591 1605 1641 contemplandis
1634 1604 1709 1631 non

606 1640 699 1679 adeo
725 1640 943 1688 inhaerebat‚
971 1642 1059 1690 quin
1086 1652 1331 1680 reverteretur
1356 1642 1539 1680 interdum
1565 1641 1611 1681 ad
1641 1654 1708 1682 ter-

606 1691 749 1729 restria.
774 1691 936 1738 pristinas
961 1690 1126 1737 delicias,
1157 1693 1369 1731 animalcula
1400 1692 1483 1739 illa,
1511 1695 1545 1731 in
1573 1692 1710 1743 quibus

606 1741 783 1785 Pmmus,
798 1738 861 1778 suo
871 1738 948 1789 jam
973 1750 1157 1791 tempore,
1173 1743 1450 1781 inextricabilem
1460 1744 1709 1790 perfeaionem

608 1792 762 1831 mitatus
790 1790 852 1831 est.
905 1792 1027 1830 Gallae
1057 1792 1301 1842 inquirentem
1328 1791 1455 1843 saepius
1489 1791 1710 1832 detinebant.

1558 1842 1711 1883 Habent
