1877 2625
180 284 281 321 malis
318 297 428 333 caput
466 300 552 327 cum
590 293 762 331 cornibus
800 294 833 332 se
872 298 997 336 vidisse
1024 299 1095 350 ipse
1129 300 1271 341 fatetur.

175 335 236 372 Ab
267 335 320 372 his
347 336 510 375 fontibus
535 341 729 382 hauserunt
764 348 887 394 postea
923 354 1140 389 recentiores
1170 353 1269 392 Zoo-

173 385 248 432 logi
284 398 428 431 omneS‚
473 393 645 438 quoniam
685 406 861 443 quantum
893 400 1040 447 quidem
1073 406 1265 452 novimus,

172 434 334 473 αὐτόπτης
366 450 474 474 nemo
513 441 647 490 aliquid
682 445 820 483 addidit
853 451 922 491 eis,
974 462 1055 498 quse
1094 466 1264 493 notarunt

170 487 382 533 ΑΟΑΝςοΝ,
414 488 570 527 BUFFON
600 492 636 529 &⁷
666 495 830 533 PALLAS.
884 498 1006 553 Qiam
1039 502 1086 538 ob
1116 516 1192 542 rem
1222 507 1263 542 il-

169 540 283 573 lorum
317 541 421 574 etiam
447 537 573 588 scripta
603 543 648 579 de
675 545 745 581 hoc
772 550 912 586 animali
943 552 1025 587 nihil
1054 554 1148 591 aliud
1179 568 1262 592 con-

168 589 280 623 tinent
307 589 368 625 nisi
398 601 495 626 mera
520 594 640 629 horum
672 597 793 633 iterata
822 599 950 645 verba,
990 602 1026 638 &
1055 606 1136 641 icon
1166 604 1260 652 ejus,

167 647 278 685 quarn
308 642 367 675 aeri
402 640 629 679 incidendam
658 649 798 683 curavit
841 650 1062 693 SCHREssi-:R‚
1107 659 1257 694 omnino

165 686 290 724 eadem
322 690 370 726 est
405 701 446 725 ac
483 692 715 741 Buffoniona,
758 695 814 733 sed
853 701 1040 748 conversa,
1075 705 1171 742 unde
1212 719 1258 745 ex

163 737 230 774 hac
254 739 348 776 illam
372 737 476 776 fuisse
501 754 585 778 vere
612 742 844 795 exscriptam,
872 761 980 798 patet.

263 838 541 887 Magnstuffiue,
583 842 705 881 habitu
743 845 779 883 δε
809 848 934 886 colore
970 850 1011 888 C.
1044 856 1252 902 Capreolum

158 886 269 926 rel'ert
291 891 337 927 A.
360 892 488 935 Dama,
516 890 637 931 formfi
665 897 836 934 nimirum
855 902 1097 940 venustissima
1123 905 1159 942 ὃ(
1180 919 1253 945 tres

159 938 270 986 pedes
299 953 385 977 cum
420 941 570 979 dimidio
609 944 719 993 longa
753 959 861 997 atque
897 951 991 988 duos
1027 966 1112 991 curn
1149 956 1253 995 dimi-

157 987 216 1024 dio
247 989 337 1029 alta,
376 989 433 1028 sed
471 990 718 1040 superioribus
753 1003 921 1048 corporis
958 1004 1121 1051 partibus
1149 1006 1249 1046 fulva

156 1037 193 1074 &
224 1052 365 1085 ventre,
390 1041 555 1081 clunibus
576 1042 781 1095 juguloque
803 1049 903 1097 alba,
937 1064 977 1089 ac
1001 1065 1174 1101 praeterea
1203 1061 1250 1096 ci-

154 1100 283 1127 curatu
311 1090 486 1130 facillima.
511 1115 557 1120 —
581 1096 725 1133 Cornua
761 1102 785 1134 6
812 1101 868 1137 vel
898 1114 919 1152 7
942 1104 1090 1151 pollices
1112 1107 1247 1156 longa,

153 1139 316 1186 adunca,
342 1145 482 1188 teretia,
511 1146 632 1192 nigra,
661 1159 679 1183 a
707 1147 780 1185 basi
809 1151 900 1189 ultra
932 1154 1094 1193 medium
1124 1160 1247 1197 annul-

151 1189 237 1227 lata:
265 1193 403 1229 annulis
433 1195 466 1229 in
494 1197 608 1232 antica
635 1208 739 1244 parte
762 1198 1068 1247 submissioribus,
1094 1206 1245 1256 superne

149 1239 257 1278 laevia.
275 1263 321 1270 —
348 1244 534 1280 Auriculae
551 1256 710 1293 magnae,
735 1260 916 1297 patentes,
944 1253 1016 1291 basi
1029 1257 1243 1304 cylindricae,

148 1291 269 1328 medio
298 1292 461 1338 dilatatae,
497 1297 598 1343 apice
619 1308 744 1334 acurae.
779 1321 823 1328 —
847 1303 955 1340 Pedes
985 1309 1090 1344 antici
1119 1310 1241 1356 paullo

147 1336 353 1386 breviorem,
391 1342 507 1392 scopis
544 1346 713 1384 destitUti.
749 1370 795 1377 ·-
823 1355 935 1390 Gauda
961 1354 1088 1395 brevis
1111 1358 1241 1408 depen-

145 1391 234 1429 dens
264 1392 496 1447 subfloccowfii.
1203 1421 1212 1432 »-

245 1466 314 1503 His
346 1469 443 1504 notis
475 1481 521 1506 ex
549 1482 661 1519 opere
697 1471 733 1509 8<
761 1472 880 1521 figura
912 1490 932 1514 a
970 1479 1115 1519 Comite
1144 1483 1237 1522 RUF-

142 1525 219 1553 FON
240 1516 356 1562 editis,
385 1529 458 1566 qua
483 1524 665 1569 potuerim
685 1528 930 1573 accuratione,
955 1529 1156 1579 depromtis
1177 1535 1236 1572 ad-

140 1566 266 1603 dendae
289 1565 367 1604 sunt
394 1569 479 1614 illae,
522 1582 613 1620 quas
649 1572 778 1610 deinde
818 1577 1015 1623 publicavit
1054 1582 1234 1632 PALLAS,

139 1629 297 1667 quaeque
324 1616 404 1655 sunt
428 1621 542 1668 fcfiia
570 1623 725 1660 ocularis
754 1622 877 1671 fulva,
905 1633 1024 1668 dentes
1054 1636 1233 1680 primores

139 1663 281 1705 tantum
309 1667 384 1713 sex,
408 1681 569 1718 qnorum
593 1673 667 1710 duo
696 1674 982 1717 medii'latissimi
1012 1679 1229 1735 subobliqui:

136 1720 212 1756 acie
230 1717 424 1756 transversa
441 1722 551 1765 recia,
579 1723 741 1761 laterales
752 1730 854 1772 parvi
875 1729 1040 1777 lineares,
1071 1746 1107 1771 et
1127 1736 1229 1785 quod
1268 1779 1270 1781 ,

125 1769 264 1816 femina
295 1780 399 1819 aeque
422 1771 462 1808 sit
490 1785 654 1812 cornuta.
678 1796 725 1803 —-
749 1776 867 1816 Restat
895 1781 1007 1828 igitur
1031 1781 1227 1831 sciendum,

135 1819 279 1868 qualem
309 1820 544 1861 direffionem
567 1827 662 1863 inter
691 1824 727 1862 se
755 1837 897 1867 teneant
924 1843 1063 1870 cornua
1086 1847 1105 1872 a
1132 1835 1227 1874 fron-

135 1880 169 1907 te
195 1868 371 1920 inspeaa3
401 1883 567 1921 quaenam
595 1876 637 1915 fit
666 1875 864 1917 differentia
892 1893 1042 1930 eorum,
1089 1888 1224 1936 quibus

1169 1949 1224 1975 ar-
