1877 2625
0 592 5 622 Ρ

0 626 5 656 l

0 662 7 679 ιι

0 681 12 702 ᾖ

0 708 7 730 Ρ

0 794 8 806 q

451 232 637 278 Q&
717 233 762 275 83
841 226 1027 274 &re-3³

663 321 695 372 §.
739 321 824 359 XV.

363 397 573 447 Antequam
607 396 700 432 hanc
727 396 915 432 materiam
951 390 1093 430 missam
1135 389 1218 428 faci-

261 461 357 494 mus,
390 448 546 486 verbum
574 457 724 495 quoque
744 444 952 482 addendum
983 445 1031 480 est
1059 443 1103 479 de
1125 441 1220 478 fideli

260 501 378 539 nostra
402 500 548 537 Comite
582 498 712 544 Luna,
757 494 1057 544 videndumque,
1093 504 1219 542 quam-

259 563 344 589 nam
372 549 615 588 deviationem
647 547 693 584 ab
716 547 912 584 Elementis
946 543 1132 583 Solaribus
1161 554 1220 579 an-

261 613 317 640 tea
355 600 508 639 inventis
539 598 590 649 (§.
622 598 723 646 Vl.),
743 597 850 646 ipsius
882 595 929 633 ad
958 595 1114 634 orbitam
1132 593 1221 631 Tel-

260 653 348 690 luris
378 652 558 689 inclinatio
595 648 786 697 produeat.
850 646 908 684 Ex
928 643 1221 684 antecedentibus

262 703 413 753 quidem
439 698 690 748 consequitur,
721 700 768 735 ita
807 697 925 735 motui
953 695 1028 744 ejus
1070 695 1222 744 proprio

261 753 458 803 praevaiere
487 761 632 787 motum
661 760 747 785 cum
776 747 930 786 Tellure
959 756 1223 790 communem,

260 815 304 841 nt
330 802 423 840 illius
454 800 552 851 quali
581 799 780 849 abripiatur
820 809 917 846 gyro
935 825 944 841 ‚
987 796 1025 834 δε
1063 796 1143 846 post
1165 794 1224 831 de-

261 853 497 893 strufflonem
535 849 584 888 sui
617 851 777 888 Primarii
813 849 901 897 Ejus
936 847 1013 886 fere
1043 845 1226 885 incederet

263 902 436 952 semitam3
458 902 557 940 unde
575 913 737 950 pronum
757 902 824 937 erit
845 899 1030 949 colligere,
1055 896 1226 935 effectum

262 954 308 992 ab
335 955 581 996 inclinatione,
619 954 829 1001 praecipue,
867 950 910 994 fi,
952 960 992 986 ut
1023 951 1058 986 in
1098 947 1226 988 Luna,

261 1006 341 1043 haec
363 1003 472 1042 fuerit
498 1014 636 1053 parva,
665 1004 790 1049 magni
818 1013 892 1037 non
926 999 1006 1036 fore
1039 998 1228 1036 momenti.

263 1056 318 1094 Ut
345 1067 436 1092 vero
459 1056 552 1090 certi
580 1052 715 1101 aliquid
741 1051 777 1088 81
805 1051 1031 1088 determinati
1061 1047 1111 1095 ob
1143 1059 1229 1085 ocu·

263 1107 321 1144 los
352 1116 526 1155 ponatur,
555 1104 590 1139 in
614 1100 848 1152 lequentib'us
880 1099 1043 1137 Tabellis
1080 1109 1228 1146 compa-

210 1147 220 1161 '
263 1158 442 1195 rationem
483 1154 698 1192 instituimus
733 1154 823 1189 inter
864 1153 1044 1189 Elementa
1086 1149 1228 1185 Solaria

264 1206 382 1245 Lunae
410 1219 522 1250 vera,
562 1203 599 1240 ὅ(
633 1204 845 1248 Elementa,
882 1213 963 1251 quae
999 1199 1229 1244 obtinerent,

265 1258 292 1295 fi
318 1257 499 1295 inclinatio
527 1254 777 1302 negligeretur
817 1252 870 1303 (ᾗ.
914 1251 1013 1299 Vl),
1057 1250 1165 1288 Luna
1193 1248 1230 1285 &

266 1307 356 1356 Ejus
391 1306 508 1346 Nodo
537 1304 807 1348 exsistentibus,
850 1314 925 1340 tam
959 1304 994 1339 in
1037 1300 1229 1348 Syzygiis,

267 1370 381 1409 quam
411 1359 445 1395 in
483 1356 746 1408 Qadi'at11ri53
779 1355 838 1392 cui
873 1364 1023 1402 quoque
1051 1350 1231 1396 subjunxi-

266 1421 352 1447 mus
381 1409 568 1446 Elementa
595 1406 711 1444 Lunae
736 1405 888 1448 Solaria,
921 1403 947 1439 fi
982 1401 1071 1450 Ejus
1107 1400 1231 1438 distan-

269 1460 317 1497 tia
339 1471 360 1498 a
387 1458 562 1505 Tellure,
590 1455 859 1508 supponeretur
885 1453 1021 1491 infinite
1048 1463 1171 1502 parva.
