1877 2625
674 180 747 219 DE

263 254 611 315 LINGVAE
655 252 1165 316 PHOENICIAE

478 352 951 486 HEBIIgMCAE

275 524 570 583 MUTUA
609 525 1150 601 AEQVALITATE

567 621 853 650 COMMENTATIO

304 680 468 719 OLAVI
496 680 762 720 GERHARDI
793 681 1058 719 TYCHSEN.
1089 683 1128 729 a)

253 783 365 810 estant
393 774 523 811 eruditi
555 773 591 810 &
614 774 734 812 adhuc
762 772 825 811 sub
853 775 970 812 iudice
999 775 1041 811 lis
1069 774 1135 819 est,
1165 773 1251 812 fitne

275 823 419 871 Lingua
446 824 623 861 Phoenicia
644 823 703 860 stu
727 824 907 861 cananitis
936 824 1074 861 erudita
1104 835 1174 862 vna
1195 836 1252 862 ea-

173 875 333 921 demque
360 885 444 910 cum
468 873 608 910 hebraea
643 873 813 921 dicenda,
853 886 895 911 an
932 886 1000 923 pro
1027 873 1177 912 dialeao
1203 873 1250 910 ab

173 923 315 961 hebraea
343 922 479 959 diuersa
509 923 672 960 habenda
691 924 709 961 ?
743 923 921 971 Longum
948 922 1043 960 foret
1065 935 1251 961 enumera-

173 986 213 1010 re-
240 974 354 1010 varias
387 984 496 1021 atque
531 975 622 1009 inter
649 972 682 1009 st
718 972 924 1010 disfidentes
953 973 1180 1010 eruditorum
1204 973 1250 1010 de

172 1024 240 1060 hae
272 1022 394 1068 lingua
422 1023 608 1070 opinIones
636 1034 655 1058 a
685 1022 888 1066 Bocharto,
922 1022 1106 1067 Reinefi‘o,
1145 1023 1250 1059 Maio

172 1073 322 1121 aliisque
350 1071 536 1108 recensitas
553 1098 563 1116 ‚
592 1071 724 1119 quibus
756 1083 872 1120 quum
901 1084 972 1107 non
994 1083 1038 1107 ex
1061 1071 1143 1120 ipsis
1172 1083 1250 1109 mo-

173 1122 378 1167 numentis,
407 1118 466 1157 sed
503 1133 523 1157 e
551 1120 769 1168 quibusdam
798 1120 1000 1165 vocabulis,
1043 1132 1124 1169 quae
1149 1120 1250 1170 apud

172 1182 314 1208 veteres
342 1169 509 1207 auecores
538 1170 629 1206 male
653 1168 742 1218 saepe
772 1168 902 1207 foedata
929 1170 965 1206 &
994 1181 1166 1219 corrupta
1191 1182 1250 1207 oe-

172 1229 346 1263 currunt‚
372 1219 419 1255 de
449 1231 488 1256 ea
513 1218 769 1262 decernerent,
798 1218 898 1256 facile
925 1222 1093 1256 carueris.
1145 1218 1251 1257 Suffi-

172 1272 220 1307 cit
258 1267 384 1306 dixisse
401 1295 410 1312 ‚
450 1270 549 1306 viros
578 1270 696 1306 nostra
729 1281 829 1306 aetate
856 1269 1108 1307 celeberrimos
1137 1269 1182 1307 ad
1209 1269 1247 1307 S.

171 1320 391 1366 Hieronymi
417 1316 624 1355 sententiam
653 1317 867 1356 descendisse
911 1319 1091 1356 statuentis
1109 1345 1118 1363 ‚
1142 1317 1248 1356 fuisse

171 1370 335 1417 lInguam
368 1368 585 1417 phoeniciam
624 1369 774 1406 hebraeae
804 1379 935 1416 magna
962 1381 1006 1405 ex
1034 1379 1134 1417 parte
1162 1380 1249 1406 con-

171 1419 281 1456 finem
296 1418 333 1466 b)
355 1417 401 1455 ad
428 1429 539 1467 quam
566 1418 813 1506 expliIiandam
827 1431 870 1456 ex
885 1417 1050 1456 affinibus
1077 1417 1248 1464 dialeffls,

716 1481 736 1506 2
1179 1478 1246 1516 pu-

266 1588 300 1628 a)
325 1588 404 1618 Cum
430 1588 505 1630 Reg.
530 1588 597 1618 Soc.
622 1589 837 1618 communicata
859 1599 884 1618 a.
912 1593 1002 1621 1802,

262 1632 295 1671 b)
318 1632 489 1662 Comment.
514 1633 544 1662 in
564 1629 660 1668 Jesaiae
681 1632 771 1666 X1X,
797 1637 845 1666 18.
893 1631 985 1661 ”Non
1000 1629 1161 1671 posficmm,
1182 1627 1249 1660 scri·

171 1675 230 1710 bit,
253 1675 331 1716 loqui
355 1675 456 1717 lingua
477 1675 618 1712 Hebraea,
646 1674 703 1716 sed
729 1675 828 1717 lingua
860 1674 1046 1711 Cananitide,
1088 1684 1150 1714 quoe
1174 1673 1250 1704 inter

173 1718 353 1761 Aegyptiam
377 1719 483 1759 (fortez
513 1721 690 1759 Aramaeam)
717 1717 758 1750 θ’
780 1719 933 1750 Hehraeam
956 1719 1046 1748 media
1068 1717 1105 1757 ψ
1128 1716 1169 1749 &
1189 1718 1250 1748 He·

173 1764 256 1793 broeoe
281 1773 387 1805 magna
421 1774 457 1795 ex
482 1769 571 1804 parte
594 1762 738 1804 corfinis.''
800 1761 890 1804 Qud
926 1764 986 1793 eius
1018 1760 1154 1793 assertum
1180 1770 1249 1793 meo

172 1817 235 1838 non
255 1816 413 1849 repugnat:
436 1818 504 1839 nam
525 1808 612 1839 verba
635 1809 696 1838 eius
715 1806 751 1837 de
772 1806 872 1848 lingua
893 1805 1022 1849 plebeia,
1047 1817 1109 1848 quae
1130 1806 1165 1836 ab
1187 1816 1252 1836 etu-

174 1851 233 1882 dita
257 1850 386 1882 multum
419 1850 580 1895 discrepat,
610 1851 735 1893 intelligi
761 1849 890 1893 possunt.
948 1849 1004 1881 Sed
1032 1848 1055 1879 fi
1077 1849 1123 1880 vel
1144 1849 1249 1891 largia-

173 1905 259 1930 mur,
285 1905 354 1926 eum
375 1894 411 1926 de
432 1895 533 1938 lingna
554 1894 677 1930 erudita,
696 1894 717 1926 s.
747 1894 853 1937 scripta
877 1893 976 1938 loqui,
1013 1894 1135 1924 minime
1160 1892 1189 1923 id
1214 1891 1251 1924 de

173 1939 295 1981 lingua,
315 1949 378 1982 quae
397 1938 486 1971 Esaiae
503 1949 585 1971 aetate
607 1941 716 1983 viguit,
739 1937 787 1970 sed
812 1939 909 1980 potius
929 1937 966 1969 de
988 1949 1036 1973 ea,
1060 1948 1122 1980 quae
1143 1937 1250 1968 Hiero-

174 1985 262 2024 nymi
291 1992 425 2027 tempore
449 1985 481 2017 in
507 1982 575 2021 vsu,
609 1985 639 2015 ὃ(
664 1982 771 2027 procul
792 1981 884 2015 dubio
905 1981 992 2014 valde
1014 1990 1152 2026 corrupta
1176 1979 1250 2017 fuit,
