1877 2625
394 213 591 260 ῗῶὲ
653 219 724 263 389
785 215 970 264 Q?

148 317 182 353 la
224 313 511 363 Altenbergenfi,
551 319 589 352 de
625 311 783 352 Zeolitln·
824 315 1007 362 Speciebus
1045 313 1079 350 in
1120 311 1247 351 Monte

154 366 405 413 Vestrogothice
447 365 657 412 Mosfhberg
696 375 730 402 et
773 366 993 414 Aurifoclina
1037 364 1245 401 Smolancliae

145 409 322 464 Adelfors
348 416 529 463 repertis;
559 421 598 453 de
632 417 762 452 Loamo
783 413 1014 462 Londinenfi5
1055 419 1094 451 de
1133 413 1245 449 Wado

148 466 182 502 in
213 466 345 513 Anglia
386 471 430 502 ad
463 467 693 512 Darbyshire
732 467 869 508 obvio,·
911 476 992 513 quae
1025 465 1155 503 Tomo
1199 463 1246 500 V.

146 515 295 553 Novor.
320 515 443 553 Actor.
471 516 620 553 Stockh.
640 517 836 563 leguntur,
874 526 908 551 et
930 526 1018 563 quas
1052 515 1167 551 ultimi
1200 515 1248 549 in-

146 566 214 603 star
237 567 402 615 pignoris
429 566 510 602 fidei
540 568 574 602 in
604 566 838 603 Academiam
868 577 901 602 et
929 567 1063 602 amoris
1081 564 1246 602 Scicntia·

146 628 249 659 rum,
293 627 382 665 quas
419 616 472 653 illa
513 614 574 653 suo
616 616 756 654 ambitu
805 616 1081 664 complectitur,
1120 613 1248 651 Stock-

145 667 321 704 holmiam
348 663 488 703 miserat
515 665 607 703 fatali
631 666 705 715 jam
735 667 867 704 morbo
898 665 942 702 ad
968 665 1140 703 Acidulas
1169 665 1247 701 Me-

146 715 328 754 devicnses
370 717 576 765 implicitus.
634 717 724 754 Illuc
759 719 853 753 enim
882 713 914 752 se
951 718 1095 752 ineunte
1131 715 1247 751 aestate

145 766 676 805 a.MDchxxx1v.contulerat
696 767 874 803 medelam
891 766 1004 809 malis,
1017 765 1152 814 quibus
1169 775 1247 814 pre-

146 817 337 862 mebatur,
377 816 432 853 vel
476 816 630 853 lenimen
667 827 790 862 certe,
824 815 1050 865 quaefiturus.
1104 814 1248 851 Etenim

146 877 240 916 quos
266 864 409 913 juvenis
433 864 586 904 discendi
616 868 767 904 nimium
795 865 924 902 avidus
945 862 1173 902 commiserat
1196 875 1247 899 er-

146 928 265 960 rores,
298 914 389 952 virili
425 927 526 952 aetate
561 915 670 953 officii
711 916 885 963 religione
921 914 1053 953 ductus
1090 913 1250 951 cumula-

146 969 208 1004 vit.
263 967 446 1005 Chcmicae
473 967 508 1002 in
529 968 655 1015 primis
688 965 901 1004 Profesfioni
932 963 1123 1014 praefectus
1140 993 1151 1010 ‚
1174 975 1248 1000 non

146 1015 263 1055 solum
291 1020 326 1053 in
366 1016 553 1054 lateritiam
592 1015 749 1054 domum
791 1027 1025 1066 praepropere
1065 1016 1250 1061 immigra-

146 1069 219 1112 vit‚
250 1064 309 1104 sed
331 1064 436 1113 etjam
461 1063 524 1103 sub
552 1066 782 1114 gravioribus
810 1068 891 1104 anni
920 1063 1189 1114 tempestatibus
1215 1064 1250 1099 in

146 1117 368 1155 laboratorio
405 1127 478 1153 tam
521 1116 697 1165 publicis,
744 1128 856 1165 quam
891 1117 1041 1165 privatis
1075 1112 1249 1152 habendis

146 1166 383 1210 leffionibus,
411 1177 478 1214 per
514 1178 650 1204 novem
694 1166 876 1203 interdum
917 1167 1096 1203 continuis
1127 1165 1249 1209 horis,

146 1216 245 1255 nulla
274 1215 452 1262 Adjunffi
481 1228 553 1265 ope
579 1214 806 1263 sublevatus,
830 1215 874 1252 ad
903 1213 1015 1253 seram
1041 1226 1158 1264 usque
1187 1226 1252 1251 no·

146 1268 255 1312 (stem,
269 1277 345 1303 tam
365 1264 491 1313 frigori
507 1277 617 1315 quam
642 1266 752 1303 calori
769 1267 1032 1302 vehementiori
1052 1264 1251 1313 expofitus,

145 1315 271 1367 saepius
300 1315 461 1354 vacabat.
515 1316 660 1355 Accidit
686 1316 790 1359 hinc,
820 1328 860 1353 ut
887 1317 1012 1363 capitis
1040 1313 1250 1358 doloribus,

146 1367 269 1406 cordis
291 1366 611 1416 palpitationibus‚
635 1366 749 1403 colica
779 1363 1072 1402 haemorrhoidali
1101 1375 1136 1401 et
1158 1362 1252 1401 febri

146 1419 401 1455 intermittente
429 1429 494 1466 per
527 1419 624 1453 vices
653 1427 876 1464 carperetur.
937 1416 1119 1464 Scapham
1153 1425 1250 1450 anno

146 1478 392 1505 Mochxxxi.
424 1464 679 1504 conscensurus
710 1465 839 1503 infelici
868 1463 947 1503 casu
972 1467 1007 1502 in
1034 1476 1168 1515 aquam
1192 1463 1251 1500 de·

146 1516 264 1568 lapsus
295 1516 536 1566 haemoptyfin
561 1518 686 1567 paucis
713 1514 903 1563 interjeffls
938 1515 1067 1553 diebus
1101 1513 1254 1563 patieba-

147 1580 232 1611 tur,
259 1566 473 1605 redeuntem
510 1569 660 1612 iterum,
686 1568 881 1616 postquam
917 1565 962 1604 ad
1005 1564 1144 1603 fontem
1178 1563 1253 1601 Lo-

145 1616 312 1660 kensem,
336 1629 437 1666 equo
462 1616 590 1656 veens
616 1619 735 1655 minus
762 1617 916 1664 idoneo,
954 1618 1022 1653 iter
1054 1614 1100 1652 ad
1128 1614 1252 1651 locum

147 1670 310 1707 vicinum
337 1666 546 1717 susceperat.
598 1668 768 1716 Mitigata
805 1679 922 1705 tamen
958 1665 1064 1713 etjam
1094 1676 1190 1702 nune
1215 1664 1252 1700 vi

147 1718 231 1757 mali
258 1716 442 1767 Upsaliam
473 1718 600 1767 rediit,
629 1729 665 1756 et
690 1730 763 1755 tam
785 1720 923 1767 privata
950 1716 1120 1763 collegia,
1139 1725 1253 1763 quam

148 1769 328 1807 chemicas
361 1781 383 1806 o
413 1771 589 1807 crationes
617 1779 661 1806 eo
691 1766 837 1806 fervore
860 1768 1083 1809 instauravit,
1121 1776 1165 1803 ut
1192 1764 1253 1801 vel

149 1820 301 1866 integrae
341 1831 385 1855 va
401 1818 536 1856 etudini
576 1819 779 1864 restitutus,
821 1817 875 1855 vel
912 1816 1111 1867 pauxillum
1148 1812 1253 1864 quod

149 1869 281 1907 restare
310 1865 551 1917 suspicabatur
578 1871 658 1909 vitae
686 1880 806 1906 toturn
838 1868 919 1908 Suae
941 1869 1006 1906 arti
1023 1864 1251 1913 constemus,

201 1928 295 1958 voL.
323 1928 392 1960 vu.
670 1954 672 1960 ,
711 1918 800 1959 Cce
1183 1918 1250 1954 mi.
