1877 2625
897 158 1082 206 ss
1159 158 1208 204 8⁶
1284 160 1470 210 &a

1108 252 1140 302 5.
1161 252 1261 291 xvi.

740 349 847 386 Plura
873 345 993 385 forent
1019 347 1169 385 dicenda
1199 351 1236 386 in
1265 359 1502 397 argumento,
1534 352 1592 387 cui
1621 347 1717 388 forte

635 397 782 448 jamjam
809 401 960 436 nimium
993 398 1215 439 indulfimus.
1267 399 1407 436 Scilicet
1450 412 1637 446 veremur,
1671 413 1717 438 ne

639 462 731 488 vana
757 448 795 485 231
823 452 943 498 inepta
973 447 1148 493 videatur,
1167 449 1395 498 qualisqualis
1411 462 1541 499 opera,
1564 450 1716 488 colloca-

639 512 675 537 ta
700 502 736 536 in
763 501 932 545 materia,
971 510 1044 535 non
1073 499 1134 535 nifi
1172 501 1208 536 in
1241 501 1359 537 nostra
1382 512 1503 538 mente
1532 502 1718 547 existente3

639 549 823 599 speramus
854 560 974 587 tamen
1001 547 1100 597 apud
1126 560 1251 599 aequos
1264 549 1458 597 Censores,
1486 553 1628 589 veniam
1655 553 1719 588 im-

637 612 823 650 petratura
858 599 1065 641 molimina,
1096 611 1178 649 quae
1215 598 1324 647 hujus
1353 601 1507 638 universi
1525 603 1719 650 compagis

638 650 894 688 scrutationem
924 649 960 686 ὃ(
989 649 1257 687 illustrationem
1296 661 1485 699 utcunque
1522 650 1719 688 intendant.

639 701 847 745 Innuimus,
877 703 912 737 in
939 699 1061 736 limine
1089 700 1219 737 harum
1251 703 1567 744 exercitationum,
1599 698 1643 737 ex
1669 701 1720 737 di-

639 751 783 798 cendis,
812 750 937 788 ordine
968 748 1132 795 inverso,
1173 750 1295 798 colligi
1326 750 1450 800 posse,
1485 753 1632 800 quinam
1660 750 1720 787 de-

639 801 722 839 beat
754 800 828 838 esse
857 812 981 839 motus
1011 800 1200 847 Satellius,
1229 813 1269 838 ut
1295 813 1316 837 a
1334 801 1508 839 Primario
1530 803 1613 848 cogi
1633 813 1719 849 pos-

638 850 688 889 set
715 854 750 889 in
780 862 935 900 gyrum,
955 862 1066 900 quem
1091 848 1166 897 jam
1193 849 1368 888 observat.
1431 850 1533 888 Nulli
1568 851 1720 900 quidem

638 912 836 950 negamus,
863 901 965 938 aliter
990 898 1215 939 exserturum
1247 899 1326 938 fore
1368 901 1551 938 planetam
1586 902 1720 938 Prima-

637 953 735 989 rIum
763 949 861 987 suam
889 952 964 986 vim
992 952 1028 986 in
1069 951 1251 987 mutandiS
1292 949 1423 988 semitis
1453 951 1607 988 aliorum
1640 963 1720 988 cor·

638 1013 776 1051 porum
800 1000 1008 1042 ecelestium,
1036 999 1060 1036 fi
1087 1012 1153 1048 per
1181 1000 1328 1048 longius
1355 1003 1529 1049 temporis
1558 1000 1721 1038 interval-

637 1052 736 1096 lum,
765 1050 884 1100 adque
904 1047 1057 1086 diversas
1085 1050 1263 1087 distantias
1290 1061 1428 1097 ageret,
1456 1061 1568 1099 quam
1592 1051 1617 1088 fi
1643 1048 1722 1087 sub-

640 1104 710 1146 ito,
745 1100 791 1138 ad
831 1111 967 1138 certam
994 1099 1194 1138 distantiam
1221 1113 1241 1137 a
1269 1100 1457 1148 Corpore,
1487 1098 1590 1146 cujus
1625 1099 1722 1137 orbi-

641 1162 677 1190 ta
699 1151 750 1188 est
776 1150 949 1187 mutanda
987 1161 1188 1197 crearetur-3
1224 1163 1268 1187 ex
1308 1150 1409 1188 dietis
1441 1161 1580 1196 tamen,
1615 1149 1721 1187 nobis

640 1200 688 1239 ad
736 1200 988 1238 certitudinem
1026 1202 1242 1249 proximum
1300 1199 1467 1247 videtur,
1505 1200 1720 1246 Tellurem,

641 1249 718 1298 ejus
753 1263 826 1288 non
864 1248 936 1287 esse
973 1250 1109 1296 molis,
1148 1261 1187 1286 ut
1215 1249 1331 1286 ullum
1371 1262 1505 1299 corpus
1548 1249 1719 1290 coeleste,

640 1305 678 1339 in
705 1299 931 1349 Hyperbolis
948 1327 957 1343 ‚
986 1300 1043 1337 vel
1064 1299 1257 1348 Ellipfibus
1282 1299 1450 1347 oblongis
1482 1311 1646 1347 motum,
1674 1298 1721 1336 ad

642 1351 748 1389 suum
767 1350 977 1389 satellitium
994 1362 1072 1387 eam
1087 1360 1222 1397 cogere
1249 1350 1382 1396 valeat3
1414 1349 1458 1386 de
1485 1349 1584 1399 Jove
1607 1362 1720 1394 vero,

642 1402 798 1438 Saturno
815 1427 824 1444 ,
853 1399 890 1437 δι
917 1398 1127 1438 Herschelio
1150 1400 1222 1437 hoc
1249 1402 1371 1447 negari
1399 1411 1472 1436 non
1498 1398 1619 1447 posse,
1641 1400 1722 1436 licet

644 1452 717 1488 aliae
743 1462 867 1500 eaeque
894 1449 1083 1489 validiores
1110 1452 1266 1487 rationes
1296 1448 1475 1494 svadeant,
1498 1448 1575 1487 Eos
1605 1462 1624 1486 e
1649 1450 1722 1487 Co—

643 1502 749 1540 horte
773 1499 1010 1539 cometarum
1025 1528 1034 1545 ,
1055 1499 1227 1539 Satellites
1253 1497 1335 1537 suos
1350 1511 1424 1538 non
1442 1497 1579 1538 furatos
1602 1497 1719 1539 fuisfie.

960 1621 1399 1653 πῆξε*-
