1877 2625
429 191 1004 244 &91ss

228 297 260 335 3.
285 286 544 326 Charafi’terum
570 289 698 337 figurae
739 290 775 325 in
805 287 1013 337 epigraphis
1041 298 1255 324 monumen«

279 349 402 375 torum
431 338 468 376 ἃ
494 351 696 377 numorum
733 340 837 375 vnius
877 337 1115 387 eiusdemque
1142 336 1256 374 inscri-

230 394 232 397 '
275 390 410 436 ptionis
427 419 439 435 ,
466 391 618 426 ciuitatis
647 389 684 426 δι
709 387 884 432 officinae,
912 400 932 424 a
957 386 990 425 se
1016 390 1173 424 inuicem
1202 386 1256 424 sa:-

277 440 359 486 pius
404 441 440 475 in
480 449 652 486 magnam
692 439 898 488 interpretis
932 437 1134 482 molestiam
1162 449 1258 474 rece—

275 487 390 525 dunt:
416 498 498 537 quae
521 501 612 526 vero
644 490 794 526 variatio
822 489 945 537 potius
972 487 1258 536 epigrapharum

277 538 513 583 aufi‘toribus,
539 538 699 588 lapicidis
727 538 764 576 δε
791 540 942 576 toreutis
981 537 1073 575 bene
1100 539 1157 574 vel
1184 549 1259 574 rna-

274 587 309 624 le
347 588 609 637 pingentibus,
646 600 759 638 quam
798 587 945 625 diuersis
972 587 1186 634 regionibus
1222 587 1259 623 8<

276 638 441 675 aetatibus
481 639 531 676 est
564 638 802 678 attribuenda.
866 638 1109 676 Exstantiores
1133 649 1259 675 earum

276 690 491 725 variationes
518 701 562 726 ex
589 689 670 737 ipsis
698 690 945 726 monumentis
972 685 1115 725 summo
1143 687 1260 725 studio

276 736 460 776 desumtos
489 738 588 776 Tab.
612 738 670 778 ΙΙΙ.
696 738 882 788 proposui.

228 822 261 859 4.
286 810 433 848 Litterae
461 822 626 859 cognatae
663 813 966 861 pronuntiationis
999 822 1034 848 v.
1060 822 1091 847 c.
1127 820 1150 842 Ν
1175 820 1262 846 cum

281 870 325 896 m·
358 871 380 893 ³
401 874 488 899 cum
511 871 556 899 ωε
580 872 599 897 -τ
649 863 721 900 fine
750 860 939 911 Dagesch,
969 860 1072 911 quod
1099 859 1261 899 Arabico

277 912 375 959 Dsal
396 910 612 961 respondet,
636 925 723 952 curn
748 923 778 952 v,
819 912 1005 952 interdurn
1027 920 1262 949 commutatae

280 964 522 1012 reperiuntur.

228 1048 261 1084 5.
284 1037 450 1075 Nomina
473 1039 615 1085 generis
629 1035 788 1075 feminini
802 1034 865 1075 sub
883 1035 1019 1086 duplici
1044 1035 1262 1072 terminatio-

279 1099 324 1125 ne
338 1089 374 1124 in
391 1087 561 1124 omnibus
582 1088 740 1138 reliquiis
765 1088 952 1137 phoeniciis
967 1086 1216 1123 terminatione
1237 1092 1261 1115 n

281 1139 458 1185 veniunt,
485 1148 597 1187 quem
624 1149 770 1176 morem
801 1137 836 1176 81
858 1135 1000 1174 Arabes
1034 1146 1168 1172 tenent.

279 1237 345 1277 IV.
370 1238 698 1294 Qemadmodum
722 1241 844 1278 omnia
865 1247 1104 1277 monumenta
1125 1234 1263 1273 hebrai-

179 1291 230 1327 cis
250 1318 262 1336 ,
290 1287 360 1337 syr.
383 1293 448 1327 rel.
474 1289 742 1328 charaaeribus
782 1287 947 1339 inscripta
981 1289 1052 1326 dici
1078 1295 1266 1336 nequeunt

178 1338 370 1386 hebraica,
398 1338 531 1388 syriaca
558 1344 624 1378 rel.
653 1339 758 1390 quod
785 1353 806 1377 a
834 1339 1052 1378 Charaetere
1077 1337 1123 1374 ad
1151 1335 1263 1386 ipsam

178 1390 344 1438 linguam
361 1417 372 1436 ‚
398 1402 473 1440 quo
503 1401 646 1428 exarata
673 1391 722 1427 est
740 1417 749 1434 ,
785 1390 879 1427 male
920 1388 1174 1434 concluditur3
1217 1388 1267 1423 ita

180 1452 332 1490 quoque
376 1440 576 1490 epigraphe
614 1441 801 1490 phoeniciis
835 1440 983 1485 litteris,
1021 1439 1145 1486 lingua
1173 1448 1263 1474 vero

179 1492 373 1539 peregrina
396 1489 550 1539 scripta,
593 1490 693 1528 nullo
738 1490 886 1539 prorsus
928 1488 1043 1527 modo
1086 1487 1266 1536 phoenicia

183 1542 361 1577 nominari
384 1541 514 1590 potest.
567 1541 641 1578 Vix
664 1542 785 1590 itaque
811 1551 932 1577 mente
957 1539 1100 1586 concipi
1130 1535 1265 1586 posset,

182 1590 247 1639 qui
286 1588 447 1635 factum,
477 1602 518 1627 vt
544 1590 588 1628 cl.
624 1590 857 1638 Barthelemy
890 1588 1123 1639 sepulcralem
1150 1585 1266 1625 inscri-

180 1642 347 1689 ptionem
373 1638 753 1690 Carpentoraaensem
786 1640 909 1688 lingua
938 1638 1120 1677 chaldaica
1152 1637 1189 1674 &
1214 1637 1267 1673 lit·

183 1692 267 1727 teris
289 1693 421 1739 partim
460 1689 644 1739 assyriacis
661 1717 671 1735 ‚
694 1692 826 1739 partim
854 1691 1041 1740 plioeniciis
1085 1698 1266 1725 exaratam

185 1741 364 1791 appellare
385 1743 547 1792 potuerit
574 1739 840 1792 inscriptionem
867 1741 1086 1791 phoeniciam
1114 1739 1171 1787 c),
1203 1736 1267 1824 iliifi

1220 1799 1268 1824 in-

281 1919 312 1960 c)
334 1918 498 1950 Memoires
524 1918 561 1950 de
583 1917 704 1950 l'Acad.
725 1916 775 1948 des
790 1915 921 1959 Inscript.
948 1917 990 1948 T.
1005 1916 1126 1948 XXXII.
1152 1924 1266 1958 p.725.

186 1962 393 2005 '’Explication
414 1962 484 1994 d'un
497 1961 664 1996 Bas-relies
674 1964 826 2005 Egyptien
840 1986 848 2000 ‚
875 1964 905 1992 ὅ(
926 1960 963 1994 de
985 1960 1180 2002 l'infiription
1192 1956 1267 1990 Plze‘-

186 2009 311 2040 nicicrme
333 2010 385 2052 qui
407 2007 638 2052 l'accompagne.
675 2009 706 2042 P.
732 2015 797 2045 737,
854 2007 943 2038 Voici
978 2005 1028 2039 des
1055 2004 1164 2038 raisons
1190 2014 1268 2048 pour
