1877 2625
874 175 1422 227 ᾈῦψιέᾉῆ

597 272 721 310 nomia.
747 272 875 360 Agum
903 273 1055 321 (laticis,
1081 288 1101 314 a
1128 279 1270 314 nemine
1308 287 1410 314 antea
1450 278 1588 314 tentaris
1617 288 1696 328 per·

598 322 776 372 quifitioni
808 336 874 370 us,
905 324 1080 370 eruenda,
1106 325 1301 364 fubschvas
1330 327 1457 372 horas,
1489 327 1578 364 coeli
1608 340 1694 366 tem-

596 374 696 421 perie
724 373 761 410 id
786 374 938 417 ferente,
963 372 1122 421 jncunrle
1151 381 1334 425 transegit.
1386 376 1533 415 lnnoxia
1547 378 1614 415 hac
1632 391 1696 416 vo-

597 423 736 471 luptate
765 436 945 462 recreatus
974 427 1006 461 in
1032 425 1286 464 bibliothecam
1319 426 1448 464 selcffls
1488 428 1695 465 instrnelam

593 472 691 508 libris
706 504 719 521 ,
749 485 810 511 aut
838 476 872 511 in
889 472 1057 512 Muscam
1084 477 1402 526 mineralogieum,
1425 478 1477 514 vel
1496 477 1696 515 Laborato·

594 524 690 559 rium
712 522 744 560 se
772 523 971 561 subducere
998 524 1154 574 solebat,
1185 528 1322 577 ubique
1339 540 1434 565 nova
1453 527 1583 577 pabula
1598 540 1695 565 men-

594 574 618 612 ti
647 572 774 611 sciendi
801 575 1038 623 cupidissima:
1072 578 1296 627 quaesiturus.
1349 578 1460 616 Domi
1492 581 1602 626 igitur
1630 581 1696 616 cir-

593 624 787 662 cumdatus
813 625 1019 662 commodis
1047 639 1082 664 et
1107 627 1258 673 deliciis,
1283 641 1363 678 quae
1391 631 1531 677 optimo
1559 631 1693 677 cuique

590 674 683 712 Viro
711 674 848 712 summa
873 677 1070 724 repmanda
1092 677 1185 723 sunt,
1211 692 1305 728 opus
1328 688 1400 716 non
1427 689 1525 721 erat,
1554 689 1593 715 ut
1610 679 1694 715 levi·

593 737 658 762 ora
684 723 772 763 foris
801 726 933 775 cupIde
961 738 1146 775 qutrreret.
1210 729 1246 765 ln
1288 731 1413 778 primis
1441 740 1558 777 quam
1595 741 1690 784 anno

591 785 810 812 MDCCLXX1.
826 788 866 813 ea
885 775 1027 824 insuper
1048 777 1097 814 llli
1116 781 1317 826 contigerat
1333 778 1498 820 felicitas,
1520 790 1558 815 nt
1573 791 1694 826 conju-

590 827 642 872 gii
668 826 812 862 vinculo
838 825 911 861 Sibi
934 825 1102 872 jungeret
1126 829 1316 874 Virginem
1341 829 1565 866 Ieffislimam
1580 830 1693 866 MAR-

588 885 742 912 GARET.
765 875 988 912 CATHARm.
1007 877 1155 914 TRAST.
1196 878 1305 915 Filios
1325 891 1369 914 ex
1390 890 1430 915 ea
1449 876 1626 927 susceptos
1643 878 1693 915 bi-

588 935 658 961 nos
688 926 723 960 in
748 924 872 962 tenella
899 937 1001 962 aetate
1024 927 1159 974 amifit,
1187 930 1220 964 in
1239 927 1408 975 Coniuge
1434 940 1522 966 vero
1542 929 1690 967 dile-&is-

588 974 676 1011 sima
704 973 888 1022 gaudebat
913 974 1031 1013 fulcro
1058 979 1093 1014 in
1124 990 1163 1014 re
1189 978 1384 1016 domestica
1405 978 1561 1016 curanda
1588 991 1692 1016 num-

588 1035 703 1073 quam
733 1024 930 1069 vacillanti,
959 1028 993 1062 in
1026 1027 1235 1073 mitigandis
1264 1039 1441 1077 quantum
1470 1029 1627 1066 humana
1653 1042 1690 1066 o-

588 1086 636 1122 pe
665 1075 741 1112 fieri
768 1073 890 1123 posset
918 1080 1183 1114 recurrentium
1211 1077 1430 1116 morborum
1455 1077 1691 1117 sollicitudini-

587 1123 679 1169 bus,
704 1127 875 1173 atquem
919 1127 1192 1173 excogitandis,
1233 1140 1315 1177 quae
1357 1129 1474 1166 lucida
1507 1130 1689 1167 intervalla

587 1176 698 1212 etiam
723 1174 858 1212 laetiora
884 1174 1091 1223 efficerent,
1130 1176 1403 1217 obleetamentis
1436 1180 1541 1218 Socia
1577 1178 1689 1218 soller-

585 1224 731 1262 tissima.

685 1322 780 1361 Haee
808 1334 843 1361 et
884 1334 1021 1371 cetera⁷
1055 1338 1135 1376 quae
1162 1326 1236 1365 Sibi
1273 1326 1446 1378 prospera
1476 1329 1688 1369 eveniebant

585 1373 670 1412 Deo
698 1386 845 1424 accepta
874 1386 1000 1423 gratus
1039 1376 1227 1415 referebat.
1292 1377 1397 1416 Illum
1436 1380 1637 1418 Dominum
1667 1394 1688 1418 a

583 1422 775 1471 juventute
803 1425 951 1474 simplici
979 1429 1109 1475 pietate
1139 1427 1312 1466 coluerat.
1361 1429 1458 1466 Illius
1489 1433 1687 1469 reverentia

586 1473 692 1521 duci,
724 1474 820 1512 Illius
847 1487 913 1523 per
935 1476 1119 1515 Christum
1140 1477 1268 1515 oblatae
1287 1481 1410 1526 gratiae
1437 1480 1567 1525 fidere,
1592 1495 1687 1519 verae

584 1522 762 1562 felicitatis
786 1523 1047 1575 consequendae
1073 1530 1218 1566 unicam
1243 1528 1314 1566 esse
1341 1532 1456 1574 viam,
1480 1531 1554 1569 Sua
1576 1532 1685 1580 ipsius

585 1576 805 1623 experientia
837 1575 1012 1623 enonas,
1042 1591 1115 1616 non
1144 1590 1208 1616 ore
1236 1590 1400 1631 tantum,
1435 1579 1492 1620 sed
1519 1582 1684 1621 moribus

585 1634 622 1661 et
648 1626 729 1662 vitae
759 1628 872 1665 totius
899 1628 1059 1666 instituto
1084 1628 1336 1679 profitebatur.

961 1771 1321 1795 m
