1877 2625
429 199 978 250 &5379ss

160 311 249 338 num
278 310 403 336 natura
433 297 707 338 mineralisatum
734 312 818 338 cum
845 298 1014 348 sulphure
1035 303 1184 340 inveniri
1198 315 1256 341 ne-

161 352 247 387 mini
275 352 500 397 innotuerat,
524 362 717 400 antequam
748 350 978 400 speetandum
1016 351 1048 389 se
1075 352 1256 391 obtulerat

161 400 422 438 BERGMANNO
436 403 470 437 in
486 400 633 438 frustula
650 403 796 439 minerae
813 414 832 438 a
847 402 1093 440 Nerchinskoi
1109 405 1143 440 In
1157 403 1254 440 Sibe-

159 453 210 487 ria
236 451 309 486 huc
339 450 464 488 delata.
517 452 660 488 Primus
688 450 794 498 etjam
817 449 1005 499 patefecit,
1031 452 1131 501 quod
1155 452 1259 490 Pseu-

159 500 338 547 dogalena
373 501 550 546 (Blende)
595 500 836 549 hepatesceret
868 513 953 538 cum
991 503 1119 546 acidis,
1160 515 1258 540 caus-

158 549 305 599 samque
335 550 546 598 explicavit,
575 563 640 588 cur
663 552 724 588 iste
751 556 812 589 aer
841 552 1028 600 hepaticus
1049 555 1169 589 minus
1185 551 1257 590 sen·

161 603 286 644 riatur,
313 599 459 649 quando
487 601 649 638 Acidum
675 604 754 638 nitri
784 601 977 639 adhibetur
1000 602 1046 639 ad
1073 602 1174 640 illurn
1201 602 1258 639 eli-

159 650 351 692 ciendum,
380 662 492 699 quam
517 652 591 687 aliis
621 651 786 688 adhibitis
822 651 941 689 acidis.
994 652 1159 689 Indolem
1198 664 1259 689 va-

155 702 298 736 riorum
340 701 629 747 Praeparatorum
669 702 971 739 Antimonialium
1007 715 1042 739 et
1075 704 1258 751 praecipue

157 750 306 788 Tartari
341 752 480 786 emerici
513 763 597 787 eum
631 753 666 787 in
698 752 806 788 finem
839 750 983 788 sollicite
1013 752 1180 795 excussit,
1217 761 1259 788 ut

159 800 297 837 tradere
329 799 488 847 denique
522 802 656 837 valeret
696 801 772 837 haec
809 801 1070 838 medicamenta
1109 812 1260 849 compo·

156 850 263 886 nendi
297 850 541 894 methodum,
585 862 665 898 quae
694 852 852 887 maxime
894 849 1050 888 efficacia
1081 850 1260 888 redderet.

156 900 292 948 Neque
320 899 522 941 reticenda,
555 911 666 948 quam
697 903 730 937 in
759 900 938 938 solvendis
966 900 1109 936 calculis
1135 900 1259 936 vesica:

156 951 319 987 urinariae
343 949 552 986 industriam
570 951 781 998 collocavit,
800 963 839 987 ea
859 961 940 999 quae
959 950 1145 987 Scuta-:Lu
1172 961 1258 999 ope-

156 1011 194 1036 ra
222 1001 256 1036 in
285 1002 450 1048 apricum
478 1000 616 1049 prolata
648 1012 767 1048 erant,
799 1002 930 1049 partim
961 1000 1257 1045 confirmantem,

156 1051 289 1098 partim
321 1047 455 1086 diversa
481 1049 704 1098 aliquantum
733 1053 871 1087 ratione
897 1049 1162 1098 interpretanda
1185 1047 1258 1086 esse

156 1098 375 1137 svadentem.
427 1100 484 1137 De
511 1101 698 1149 Magnefia
723 1100 820 1146 alba,
849 1100 964 1147 vulgo
993 1100 1179 1147 Magnesia
1206 1100 1258 1136 ni-

157 1152 218 1193 tri,
250 1149 420 1197 singulari
447 1148 597 1188 sollertia
636 1153 728 1199 egit,
771 1163 849 1187 tum
888 1152 923 1186 in
954 1148 1136 1187 Dissertat.
1164 1151 1259 1188 Aca-

157 1200 318 1244 demica,
344 1212 422 1236 tum
445 1202 480 1236 in
505 1201 607 1239 Affis
627 1201 776 1238 Stockh.
793 1199 992 1237 Volumine
1011 1210 1175 1237 xxxvm.
1194 1209 1260 1235 ter·

157 1262 234 1287 ram
262 1250 307 1286 ab
333 1251 407 1286 aliis
438 1250 634 1288 distinssam
667 1249 740 1288 esse
763 1250 1024 1287 demonstrans.
1062 1250 1101 1286 In
1126 1248 1261 1297 disqui-

155 1300 281 1337 sitione
306 1299 351 1336 de
379 1301 495 1337 Terra
527 1303 748 1337 Gemmarum
777 1300 966 1336 Volumini
997 1311 1054 1336 111.
1074 1298 1260 1336 Actorum

156 1348 278 1398 Upsal.
302 1347 451 1392 inserta,
479 1360 695 1397 argumenta
729 1350 891 1385 chemica
927 1346 1145 1396 percensuit,
1183 1349 1262 1396 qui·

155 1399 225 1437 bus
249 1411 373 1436 motus
409 1412 455 1436 ex
491 1401 660 1438 Gemmis
705 1398 751 1435 ad
785 1398 941 1445 Argillas
982 1401 1017 1434 in
1060 1397 1261 1444 systemate

156 1449 317 1488 minerali
338 1447 546 1486 referendos
564 1449 667 1486 duxit
692 1447 875 1484 Nubiniim
890 1475 900 1491 ‚
915 1447 1183 1495 Smaragdum‚
1200 1448 1260 1484 Sa-

155 1501 325 1550 phirum‚
352 1501 572 1548 Topazium
611 1512 645 1536 et
681 1498 947 1546 Hyacinthum.
1007 1498 1046 1535 ln
1075 1497 1262 1534 Turmali-

154 1554 208 1588 nis
230 1561 335 1599 aeque
356 1562 396 1586 ac
424 1552 458 1587 in
478 1550 532 1586 his
556 1549 733 1586 dominari
754 1548 918 1595 argillam
933 1560 1004 1586 una
1021 1560 1107 1585 cum
1124 1546 1259 1595 Calce,

155 1601 259 1637 Silice
283 1611 317 1636 et
337 1600 470 1641 Ferro,
489 1602 523 1637 in
544 1600 643 1637 Affis
660 1599 808 1636 Stockh.
823 1598 1022 1635 Volumine
1037 1609 1101 1635 XL.
1123 1608 1262 1635 enarra·

156 1661 191 1688 ta
214 1650 405 1686 docimafia
427 1662 498 1686 tarn
520 1649 808 1697 Tyroh‘corum,
835 1660 945 1697 quam
962 1648 1265 1696 Ceylonicorum,

156 1700 391 1738 monstravit:
425 1702 459 1736 in
489 1700 663 1737 Schoerlo
690 1711 831 1742 autem,
864 1699 1036 1735 Zeolitho
1063 1709 1098 1735 et
1125 1696 1263 1735 Grana-

158 1762 195 1787 to
229 1753 346 1797 magis
384 1752 577 1800 magisque
617 1750 813 1799 prmvalere
853 1749 1015 1793 Silicem,
1054 1747 1263 1785 Adamanti-

159 1811 230 1849 que
256 1800 379 1836 locum
404 1803 494 1837 inter
509 1803 673 1837 materias
689 1797 960 1837 combustibiles
984 1797 1056 1834 esse
1081 1797 1263 1843 asfignan·

158 1850 271 1898 dum,
301 1852 386 1900 quia
413 1847 512 1889 totus
548 1862 705 1901 quantus
745 1851 822 1897 igni
855 1848 1040 1899 expositus
1073 1844 1262 1937 ενεέῑεΐείε.

1161 1908 1256 1935 rtem
