1877 2625
884 160 1455 209 ¹ssffiwfflffi'ssssss

638 267 743 304 puta,
778 254 937 301 Syriaca,
976 252 1102 290 Chald.
1135 253 1172 290 &
1199 253 1415 293 Samaritana
1444 254 1612 306 suppetiae
1635 268 1703 306 pro

638 318 675 341 re
702 315 780 340 nata
804 301 965 352 petendae
990 303 1063 342 lint.

736 374 915 424 Equidem
945 371 1049 411 Esaiae
1078 376 1172 426 (cap.
1196 376 1311 421 XIX,
1339 377 1418 420 18.)
1449 376 1703 423 testimonium,

637 425 735 475 quod
768 425 887 471 lingua
916 423 1055 461 hebi-cea
1082 426 1122 462 fit
1160 426 1333 463 Cananaea
1358 425 1379 462 fi
1404 426 1606 469 Phoenicia,
1648 427 1703 462 fir·

636 475 834 511 missimum
867 472 938 510 esse
980 475 1164 519 existimo,
1203 478 1374 524 quoniam
1418 487 1548 524 partim
1589 478 1704 524 gentis

636 523 823 561 Israelitieae
855 523 1062 560 auetoribus
1091 524 1212 572 lingua
1243 526 1422 562 chaldaica
1448 525 1513 562 fuit
1537 538 1704 562 vernacu-

635 575 685 616 la,
714 577 842 622 panim
871 573 973 609 firma
1002 576 1191 618 omnium,
1226 586 1306 624 quae
1336 573 1543 622 supersunt,
1581 588 1706 612 monu-

635 634 845 660 mentorum
869 623 906 661 &
939 635 1135 660 numorum
1162 627 1342 661 variarum
1378 627 1571 671 regionum
1600 627 1637 662 &
1664 638 1706 661 ιε-

636 684 749 710 tatum
774 684 858 708 cum
883 672 1023 709 hebraea
1050 673 1169 722 lingua
1194 673 1373 711 consensio
1403 675 1473 711 hoc
1506 675 1706 712 confirmat.

635 724 731 760 Hinc
747 722 770 758 fi
792 734 863 771 qua
877 721 921 758 ad
937 724 1006 759 noc
1022 721 1191 759 assertum
1206 724 1438 772 probandum
1458 726 1513 760 via
1530 727 1706 773 inquiren·

637 784 710 809 tem
724 770 833 814 ferat,
849 783 888 808 ea
908 784 1002 808 certe
1021 773 1191 809 tutissima
1208 774 1256 809 est
1274 773 1465 817 statuenda,
1482 785 1561 822 quae
1579 774 1622 810 ad
1638 771 1706 821 ipffi

635 833 871 858 monumenta
910 820 1018 858 ducit.
1109 822 1231 875 Qum
1260 823 1295 858 8(
1333 822 1402 870 ipse
1423 851 1432 867 ,
1476 836 1601 871 vtpote
1631 825 1707 858 lire-

635 873 776 908 uiorem
804 873 1072 919 tutioremque,
1114 873 1172 909 sed
1201 873 1351 908 arduam
1378 874 1526 909 insistam
1548 900 1557 916 ,
1589 885 1706 908 reeen-

634 921 765 956 fiturus
802 931 950 963 omneS,
990 932 1176 969 quotquot
1203 923 1322 958 adhue
1361 923 1505 960 detesto:
1533 922 1705 966 fuerunt,

634 967 906 1015 instriptiones,
934 970 973 1004 iis
1003 971 1256 1007 tantummodo
1285 974 1465 1019 exeeptis,
1491 984 1570 1020 quse
1598 974 1706 1008 meris

634 1017 842 1055 nominibus
869 1020 1042 1066 propriis,
1069 1031 1109 1055 ut
1133 1018 1208 1056 fere
1235 1032 1360 1056 omnes
1395 1019 1588 1063 Citiensts‚
1619 1033 1706 1069 prae-

637 1068 742 1111 ditae‚
769 1077 831 1103 aut
863 1077 1073 1114 temporum
1110 1069 1280 1106 edacitate
1321 1069 1707 1120 transscriptorumque

636 1118 771 1154 incuria
799 1117 950 1152 nimium
984 1117 1188 1165 deprauatae
1204 1145 1212 1160 ,
1254 1119 1409 1167 ideoque
1430 1118 1612 1157 fallacibus
1636 1132 1710 1156 tan-

638 1165 829 1204 tummodo
854 1165 1066 1203 conieauris
1083 1167 1248 1205 obnoxia:
1275 1168 1351 1206 sunt
1366 1199 1377 1214 ‚
1400 1182 1440 1206 ea
1468 1181 1585 1206 tamen
1607 1170 1708 1217 lege,

637 1228 677 1253 vt
699 1214 744 1253 ab
776 1216 873 1252 omni
910 1214 1055 1252 censura
1082 1216 1300 1255 diuersarum
1334 1221 1437 1255 vuius
1470 1219 1708 1268 eiusdemque

639 1263 869 1311 instriptionis
917 1263 1244 1313 transscriptionum
1289 1269 1326 1305 &
1374 1271 1707 1317 interpretationum

638 1313 869 1357 abstinendo,
895 1326 935 1350 ea
962 1312 1192 1353 solummodo
1217 1329 1284 1365 pro
1311 1320 1442 1355 virium
1472 1318 1622 1356 modulo
1650 1331 1708 1354 ex·

638 1366 811 1412 primam,
840 1363 884 1399 de
912 1363 1044 1412 quibus
1072 1363 1143 1413 ipse
1171 1364 1314 1404 sentiam
1346 1368 1429 1404 nihil
1464 1366 1560 1413 esse,
1606 1367 1707 1417 quod

638 1425 697 1449 me
725 1425 796 1449 non
822 1413 943 1460 quuo
973 1413 1086 1451 modo
1117 1413 1367 1464 assequutum,
1408 1417 1444 1452 Sc
1473 1420 1592 1466 peritis
1618 1418 1706 1453 arbi-

639 1465 700 1498 tris
727 1465 908 1509 ingratum
932 1474 1069 1510 putem.
1126 1467 1222 1502 Ante
1250 1479 1337 1505 vero
1365 1478 1473 1515 quam
1507 1467 1577 1503 hoe
1599 1466 1709 1504 confi-

637 1512 726 1548 lium
754 1509 949 1559 exsequar‚
978 1523 1110 1559 paucas
1138 1515 1309 1562 quasdam
1338 1516 1490 1552 cautelas
1510 1543 1518 1556 ‚
1543 1527 1623 1563 quae
1652 1529 1709 1553 ve-

635 1572 714 1598 ram
740 1560 923 1608 phoeniciae
946 1559 1076 1607 linguae
1100 1562 1137 1599 &
1162 1565 1432 1613 orthographiae
1457 1565 1614 1601 indolem
1638 1564 1708 1613 spe·

638 1609 761 1655 Stant,
794 1611 1035 1657 praemittam,
1075 1611 1145 1647 fine
1173 1623 1328 1660 quarum
1356 1616 1551 1661 cognitone
1579 1615 1615 1651 ἃ
1645 1612 1707 1650 vsu

638 1661 811 1707 interpres
839 1670 987 1695 omnem
1015 1660 1154 1697 nodum
1182 1674 1369 1713 nunquam
1399 1663 1614 1712 explicabit,
1649 1661 1708 1699 sed

639 1720 723 1746 eum
745 1710 868 1757 porius
906 1709 941 1744 in
970 1707 1083 1758 scirpo
1115 1722 1273 1760 qureret,
1302 1726 1340 1751 vt
1363 1715 1446 1751 viris
1465 1713 1705 1752 celeberrimis

1595 1764 1708 1802 Swin-

638 1877 855 1921 praedicandum
875 1878 932 1912 esse
956 1881 1079 1922 videtur.
1136 1882 1282 1926 Exemplo
1300 1883 1340 1915 est
1362 1884 1462 1927 lingua
1482 1887 1590 1928 punica
1611 1887 1642 1917 in
1664 1887 1706 1917 in-

638 1922 700 1956 sula
724 1923 849 1960 Melite,
876 1935 937 1967 quae
957 1935 1047 1959 tantas
1075 1925 1156 1969 passa
1185 1927 1225 1960 est
1254 1930 1445 1967 mutationes,
1472 1939 1505 1963 ut
1534 1932 1588 1963 vix
1620 1930 1708 1963 colet

640 1969 666 1998 ei
685 1979 764 2001 nunc
786 1968 896 2001 constet
918 1981 1012 2014 neque
1036 1972 1141 2004 vultus.
