1877 2625
896 163 1443 214 ᾢφπμεξεφρ

737 300 958 361 LANII
1010 292 1554 359 CRASSIROSTRI
1567 290 1605 347 S

821 425 958 473 AVIS
986 423 1213 472 ANTEA
1250 417 1515 469 IGNOTAE

1021 527 1326 567 DESCRIPTIO

1156 636 1183 661 A

833 717 1129 760 GUSTAVO
1156 727 1207 755 DE
1234 714 1524 755 PAYKULL

679 820 757 843 REG·
777 817 874 839 CANC.
896 815 1028 836 CONSIL.
1049 816 1087 833 E't
1113 814 1188 839 EQU.
1210 814 1240 832 R·
1263 813 1292 831 O·
1313 813 1356 831 DE
1380 811 1513 832 STELLA
1540 810 1675 829 POLARI-

630 951 705 1037 In
728 947 869 991 Insuns,
911 958 1001 996 quas
1036 948 1163 994 ingens
1197 943 1310 982 ambit
1340 944 1491 982 australe
1527 956 1626 981 mare
1665 943 1728 979 fin-

711 1001 818 1048 gulos
846 1000 1000 1037 Naturae
1027 994 1139 1041 fetus,
1166 995 1212 1032 ab
1243 998 1306 1040 iis,
1330 998 1392 1044 qui
1417 1006 1621 1033 ceterarum
1648 991 1726 1030 sunt

636 1051 736 1089 orbis
774 1061 977 1092 terrarum,
1011 1051 1103 1086 mire
1141 1058 1317 1094 quantum
1346 1043 1510 1089 differre,
1553 1043 1615 1081 diu
1653 1045 1727 1092 qui-

635 1102 720 1139 dem
755 1100 822 1138 fuit
846 1103 878 1137 in
908 1097 1077 1136 confesso.
1144 1099 1262 1133 lmmo
1307 1099 1397 1133 inter
1436 1095 1539 1142 illos,
1580 1096 1642 1143 qui
1681 1092 1726 1130 ad

637 1152 781 1189 Genera
828 1149 970 1187 dudum
1009 1147 1154 1185 stabilita
1191 1146 1364 1183 videntur
1397 1158 1470 1182 non
1497 1143 1731 1182 incommode

635 1201 737 1252 posse
759 1198 901 1242 referri,
938 1198 1139 1235 obveniunt
1172 1208 1289 1232 tamen
1314 1208 1385 1232 non
1405 1207 1513 1243 raro,
1556 1197 1618 1243 qui
1646 1205 1731 1231 con-

637 1250 833 1301 generibus
859 1248 953 1285 adeo
976 1246 1055 1284 sunt
1077 1246 1278 1289 disfimiles,
1320 1257 1361 1282 ut
1404 1257 1474 1282 una
1516 1246 1571 1280 vel
1599 1244 1731 1280 altera·

639 1314 721 1351 quae
747 1299 950 1349 principans
975 1298 1024 1334 est
1047 1309 1130 1333 nota
1155 1296 1361 1339 interdum,
1389 1307 1450 1332 aut
1473 1292 1619 1344 prorsus
1647 1292 1731 1330 defi-

638 1353 806 1393 deretur,
836 1361 897 1385 aut
926 1350 973 1384 ita
1004 1347 1042 1383 fit
1073 1348 1228 1388 variata,
1265 1359 1305 1382 ut
1334 1346 1466 1382 dubius
1494 1344 1572 1381 sane
1600 1345 1732 1380 haereat

639 1403 793 1439 Naturae
821 1400 1027 1437 scrutator,
1055 1409 1143 1434 num
1176 1393 1305 1443 majori
1329 1395 1409 1443 jure
1437 1395 1618 1445 peculiare
1649 1392 1732 1431 inde

640 1452 828 1490 constituat
855 1449 995 1487 Genus.

749 1546 873 1586 Aves,
903 1554 984 1590 quae
1002 1542 1126 1580 Novae
1142 1540 1343 1578 Hoilandiae
1367 1538 1463 1583 sunt,
1492 1539 1594 1586 plura
1621 1539 1733 1576 istius·

640 1593 742 1636 modi
781 1592 987 1630 diverficaris
1020 1592 1185 1639 exempla
1222 1590 1379 1627 offerunt
1405 1589 1451 1626 ab
1479 1589 1733 1635 Ornithologis

642 1645 784 1684 dudum
805 1640 1010 1687 observata,
1038 1653 1198 1690 quorum
1225 1652 1418 1678 numerum
1443 1638 1631 1686 augebunt
1652 1639 1733 1676 duae

642 1693 865 1735 disfimilium
894 1703 1072 1739 generum
1101 1703 1206 1728 novae
1231 1691 1392 1740 SpecIeS,
1422 1691 1548 1726 Anatis
1580 1701 1661 1733 una,
1689 1689 1734 1725 al-

644 1758 719 1784 tera
745 1743 871 1788 Lami,
914 1744 948 1778 in
978 1753 1061 1778 meo
1098 1740 1206 1789 ipsius
1243 1739 1365 1776 museo
1406 1739 1595 1775 asservata:
1665 1740 1733 1775 Illa

646 1797 728 1836 ideo
763 1793 946 1845 praecipue
976 1792 1139 1839 infigniS,
1183 1790 1283 1840 quod
1324 1790 1402 1826 licet
1441 1791 1566 1826 ceteris
1606 1790 1734 1825 Anatis

1589 1849 1733 1886 genens
