1877 2625
914 178 1467 226 &5226ss

639 275 748 315 sessor
772 276 990 313 SPARRMAN
1013 277 1094 312 Gnu
1112 273 1393 323 &sylva-ticam,
1419 275 1607 313 ΡΕΝΝΑΝΤ
1627 275 1732 322 sene·

637 327 811 376 golensem
835 327 926 374 (the
954 325 1105 373 Senegal
1129 324 1355 372 Antilope),
1383 326 1585 363 SCHREBER
1605 328 1734 372 scopa·

642 379 731 414 riam
756 376 796 415 &
827 377 1076 424 Eleotragum,
1106 386 1218 425 atque
1245 374 1339 412 Prof.
1366 375 1403 411 &
1439 377 1564 425 Eques
1591 376 1734 412 THUN·

640 438 738 465 BERG
783 427 1029 463 Monticolam.
1081 426 1149 462 His
1186 424 1446 462 adnumeretur
1476 427 1512 463 &
1559 425 1733 468 Corinna,

642 488 753 526 quam
783 475 966 522 separatim
992 475 1065 522 jam
1095 476 1251 512 BUFFON
1282 473 1537 524 deseripserat,
1563 472 1620 511 sed
1635 472 1733 510 femi-

641 539 724 565 narn
753 525 824 562 esse
851 528 1009 564 Kevelloe
1047 525 1268 563 existimabat
1299 526 1475 573 PALLA53
1510 537 1581 573 qua
1615 536 1734 561 tamen

641 580 676 615 in
705 590 743 614 re
773 579 953 614 nerninem
985 589 1069 613 cum
1109 576 1167 612 illo
1208 577 1412 612 invenimus
1443 575 1733 613 consentientem.

642 629 734 665 Sunt
762 629 871 673 igitur
896 629 930 663 in
953 625 1111 674 praesenti
1142 626 1400 673 Amnoparum
1416 653 1425 670 ,
1447 625 1548 675 quod
1571 623 1734 668 sciamus,

642 677 786 716 XXXH
810 677 1002 726 proposito:
1025 675 1167 724 species.
1223 676 1361 712 Omnes
1386 689 1508 714 autem
1527 676 1589 712 has
1610 686 1736 712 revera

645 726 718 765 esse
743 727 942 772 distinetas,
965 740 1034 776 pro
1064 739 1165 764 certo
1194 724 1374 762 affirmare
1403 738 1446 764 eo
1482 729 1602 763 minus
1629 724 1737 762 aude·

644 791 751 820 mus,
786 778 886 826 quod
915 790 1038 814 earum
1069 778 1189 814 niuitae
1218 789 1291 813 non
1316 776 1376 813 nifi
1423 789 1468 813 ex
1495 774 1736 825 descriptioni·

645 829 714 865 bus
743 831 876 864 mancis
898 829 952 863 vel
979 840 1021 863 ex
1043 827 1169 874 figuris
1194 828 1309 875 iisque
1337 826 1520 864 interdurn
1547 838 1620 864 non
1647 827 1737 862 inte·

644 881 702 926 gri
724 878 882 915 animalis
908 876 1012 914 nobis
1043 876 1121 913 sunt
1149 880 1316 923 cognitae.

754 978 850 1016 Inter
876 975 1005 1027 species
1026 978 1090 1014 has
1120 980 1264 1025 trigima
1291 977 1380 1013 duas
1410 974 1488 1013 sunt
1517 975 1665 1019 decem,
1687 979 1738 1015 vi-

643 1029 774 1067 delicet
798 1030 963 1076 Antilope
989 1029 1142 1073 Len-via,
1179 1030 1315 1072 Dama,
1356 1031 1531 1070 redunco,
1559 1029 1737 1072 Kevella,

648 1082 820 1121 Corinna,
851 1080 1015 1125 Eamus,
1044 1080 1178 1125 Oreas,
1199 1079 1368 1126 scripta,
1392 1078 1566 1114 Grimmia
1589 1077 1625 1113 &
1653 1089 1738 1125 pyg-

646 1144 750 1176 mae«,
770 1141 850 1177 qum
877 1131 912 1165 in
936 1141 999 1166 ora
1027 1128 1186 1173 Africae,
1215 1131 1305 1165 intra
1331 1127 1485 1165 circulos
1516 1129 1677 1176 tropicos
1700 1127 1739 1163 fl-

648 1191 709 1222 tae,
736 1178 944 1216 occidentali
974 1191 1031 1220 ea,
1050 1190 1160 1227 quam
1192 1178 1425 1225 guineensem
1447 1189 1598 1219 vocant,
1619 1189 1739 1226 reper-

649 1241 694 1267 tae
723 1229 903 1265 dicuntur.
944 1229 990 1265 Et:
1020 1240 1135 1277 quum
1163 1228 1208 1264 de
1235 1241 1278 1264 eo
1310 1230 1342 1264 in
1375 1229 1499 1276 primis
1525 1227 1658 1265 solliciti
1688 1225 1740 1265 su·

648 1291 752 1321 mim,
781 1291 820 1315 nt
853 1279 1034 1325 Antilopae
1064 1281 1097 1315 in
1127 1279 1186 1315 ista
1208 1289 1385 1315 terrarum
1414 1288 1516 1326 parte
1544 1277 1739 1325 degentes,

648 1329 773 1378 ibique
803 1341 886 1364 vere
904 1328 1099 1375 indigenae,
1125 1340 1301 1377 quantum
1328 1328 1404 1364 fieri
1429 1328 1560 1376 possit,
1591 1325 1738 1365 noscan-

648 1390 726 1423 tur,
755 1379 915 1426 primum
944 1380 976 1414 in
1005 1378 1160 1425 fingulas
1188 1379 1251 1414 has
1280 1377 1406 1414 decem
1433 1390 1529 1414 nunc
1553 1389 1740 1415 enumera-

648 1441 702 1466 tas
724 1427 856 1477 species
884 1428 1005 1477 paullo
1024 1429 1224 1466 accuratius
1247 1429 1494 1477 inquiremUS,
1522 1427 1652 1465 deinde
1679 1440 1741 1464 no·

649 1492 713 1516 vas
754 1478 811 1514 vel
851 1490 1031 1516 novarum
1081 1477 1229 1522 indicia,
1266 1490 1346 1527 quae
1374 1480 1408 1514 in
1454 1477 1597 1516 Guinea
1633 1477 1740 1515 nobis

651 1528 964 1566 commorantibus
994 1526 1060 1566 sese
1098 1528 1334 1573 obtulerunt,
1362 1526 1600 1576 descriptione
1627 1526 1741 1575 perse-

653 1590 833 1628 quemur,
862 1590 940 1615 tum
960 1579 1229 1626 dispositionem
1258 1579 1366 1627 ipsius
1395 1580 1538 1626 generis
1567 1578 1740 1616 haetenus

651 1630 815 1667 usitatam
855 1628 1099 1666 notationibus
1125 1641 1197 1665 non
1235 1629 1338 1665 nullis
1369 1628 1671 1677 perstringemus,
1704 1628 1741 1665 &

652 1679 838 1729 postremo
868 1682 1045 1716 rationem
1072 1690 1158 1715 cum
1197 1689 1316 1726 genus
1346 1677 1532 1715 ordinandi
1562 1689 1640 1715 turn
1669 1677 1742 1728 spe-

653 1732 725 1768 cies
752 1728 835 1765 illue
868 1732 1086 1777 pertinentes
1120 1727 1379 1767 internoscendi
1417 1730 1554 1775 magis,
1587 1740 1627 1765 ut
1664 1731 1742 1778 opi.

654 1790 807 1821 namur,
836 1780 1035 1816 naturalem
1064 1790 1173 1828 atque
1204 1778 1402 1816 faciliorem
1436 1777 1594 1815 breviter
1629 1791 1741 1828 expo·

654 1840 807 1876 nemus,
834 1840 909 1878 qno
937 1830 1065 1868 melius
1098 1831 1225 1877 etiam,
1254 1841 1335 1879 quae
1358 1828 1402 1867 de
1429 1839 1563 1878 genere
1590 1827 1746 1877 ejusque>

1669 1880 1741 1932 spe-
