1877 2625
883 162 1428 211 ssvwfdssssv

612 260 714 307 cujus
743 272 778 297 et
806 271 927 297 tenue:
953 261 1086 298 reditus
1116 275 1148 298 ct
1177 261 1312 299 sumtus
1337 262 1549 310 multiplices
1570 266 1706 312 optime

612 314 809 358 cognovit,
837 313 1042 358 erogandos
1077 316 1231 361 expetiit.
1291 313 1415 362 AEqua
1449 311 1539 349 adeo
1568 326 1602 350 et
1634 327 1707 352 mo·

612 362 731 398 derata
749 365 880 409 petenti
905 363 1040 410 singula
1066 363 1357 400 concedtbantur
1377 375 1410 399 et
1429 374 1593 409 eentum,
1613 375 1706 413 quos

612 411 785 449 dei-elium
810 411 955 460 conjugi
985 425 1217 460 exoptaverat
1238 413 1442 462 Imperialcs
1469 415 1710 462 quinquagin-

612 474 645 499 ta
669 465 769 498 auxit
786 466 841 498 8:11
868 464 932 500 R:a
961 462 1145 508 Maiestas,
1172 462 1286 508 Cujus
1314 462 1460 500 summac
1487 464 1708 501 intercesfio-

611 515 666 560 ni,
698 525 737 549 ut
759 511 828 560 ipsa
849 515 942 549 initia
972 516 1129 550 muneris
1157 513 1298 560 debuit,
1324 516 1368 550 ita
1390 525 1455 562 per
1484 526 1592 550 omne
1622 526 1708 551 tem-

610 575 703 612 puS‚
735 574 809 611 quo
840 564 921 599 huic
950 561 1091 607 Draefuit
1120 565 1222 611 Regii
1255 564 1389 601 favoris
1418 566 1565 601 minime
1590 563 1707 601 dubiis

610 614 827 650 exhilaratus
857 614 906 650 est
935 613 1172 650 documentis.
1226 614 1321 651 Inter
1351 615 1426 650 haee
1454 613 1587 650 referre
1618 626 1709 663 quo·

610 675 683 713 que
712 663 831 710 licuit,
862 663 962 712 quod
991 677 1009 700 a
1037 665 1133 711 Rege
1161 665 1329 707 instituti,
1369 663 1432 700 sub
1467 663 1577 712 lpfius
1605 676 1709 701 coro-

610 716 762 751 nationis
789 713 1033 751 Sollemnibus
1067 726 1098 750 a.
1127 725 1353 752 MDCCLXXII.
1379 714 1525 752 Ordinis
1557 714 1708 752 Wafiaci

609 764 735 813 Eques
765 764 854 801 inter
881 767 1022 812 primos
1053 763 1310 812 defignaretur.

709 861 883 900 Praesente
919 863 1071 910 Optimo
1111 864 1341 912 Imperante‚
1382 876 1471 913 quas
1517 866 1552 901 in
1589 864 1709 902 Acad.

609 913 739 950 Scicnt.
769 913 917 949 Stockh.
948 913 1104 950 Praefidis
1126 925 1244 961 partes
1267 925 1389 960 egerat
1414 914 1601 964 deposuit,
1621 926 1709 962 prae-

607 966 667 1000 via
695 963 890 999 Oratione:
919 964 978 999 De
1002 963 1245 1012 recentisfimis
1271 964 1414 1001 Clzemiae
1441 963 1710 1011 progr-exfibus,

607 1015 741 1051 nemini
777 1012 837 1050 illo
868 1012 996 1049 melius
1020 1015 1196 1061 cognitis,
1239 1026 1368 1063 ωροτε
1402 1013 1536 1063 quibus
1576 1012 1710 1062 ponde·

607 1063 726 1100 randis
751 1062 1069 1112 accelerandisque
1096 1076 1223 1100 omnes
1256 1076 1291 1101 et
1318 1066 1448 1113 ingenii
1483 1075 1518 1100 et
1544 1065 1710 1112 corporis

606 1125 740 1151 nervos
770 1113 980 1150 intenderat.
1032 1114 1151 1152 Multa
1178 1117 1288 1162 igitur
1316 1116 1349 1151 in
1379 1115 1451 1151 hoc
1474 1124 1712 1161 argumento,

607 1162 696 1210 Ejus
726 1162 845 1201 debita
874 1163 1078 1209 industriae,
1104 1176 1184 1213 quae
1210 1164 1398 1209 reticebat,
1416 1176 1479 1201 aut
1497 1165 1620 1201 leviter
1639 1175 1710 1200 tan·

608 1224 689 1250 tum
720 1216 859 1260 attigit,
887 1214 983 1250 ultro
1017 1215 1053 1250 in
1091 1216 1232 1251 animos
1267 1214 1490 1251 audientium
1525 1225 1712 1250 recurren-

608 1265 655 1300 tia
669 1289 679 1309 ,
708 1263 892 1299 modestiae
914 1262 1061 1300 laudem
1084 1266 1210 1301 ceteris
1235 1264 1419 1302 Orationis
1437 1263 1631 1301 virtutibus
1651 1262 1711 1301 ad-

607 1312 789 1349 diderunt.
829 1311 940 1348 Grata
968 1311 1013 1348 ad
1041 1312 1117 1350 haec
1141 1313 1334 1350 accedente
1358 1313 1608 1351 recordatione
1623 1325 1712 1362 prae-

609 1363 700 1399 teriti
729 1363 925 1409 temporis,
954 1360 1017 1398 sub
1045 1373 1119 1411 quo
1159 1363 1245 1400 nulli
1280 1375 1345 1400 nec
1374 1362 1529 1407 sumtui,
1564 1376 1631 1401 nec
1666 1364 1711 1401 la·

607 1412 688 1449 bori
719 1424 869 1460 parcens
902 1411 1110 1449 Academiae
1144 1412 1239 1451 ΑΘΒ
1275 1424 1310 1450 et
1348 1413 1561 1450 Chemicam
1593 1414 1711 1451 Scien-

608 1465 693 1499 tiam
722 1473 911 1510 nunquam
941 1464 1140 1511 interrupta
1174 1462 1245 1500 fide
1270 1463 1578 1512 locupletaverat,
1609 1464 1710 1501 dece-

607 1511 705 1548 denti
736 1512 896 1554 Praefidi,
923 1523 999 1561 quo
1026 1510 1218 1560 suadente,
1255 1513 1387 1551 eodem
1413 1514 1495 1561 die,
1512 1515 1710 1552 SCHEELio

606 1574 769 1599 annuum
792 1574 939 1601 centum
963 1562 1133 1601 thaleror.
1164 1562 1381 1612 stipendium
1398 1564 1639 1612 assignaverat
1660 1567 1710 1602 A·

607 1612 790 1658 cademia,
819 1625 864 1649 ex
906 1611 1103 1651 donatione
1147 1615 1459 1653 SAHLGRENIANA
1495 1614 1708 1662 pendendos

607 1665 800 1711 quotannis
829 1673 975 1699 centum
1006 1674 1040 1699 et
1068 1665 1332 1713 quinquaginta
1362 1666 1516 1702 thaleros
1547 1666 1711 1712 imperia-

604 1712 659 1748 les
690 1711 869 1759 decrevit,
909 1711 1044 1761 quibus
1072 1725 1234 1750 meretur
1260 1713 1304 1751 ad
1332 1714 1574 1752 continuanda
1600 1725 1711 1763 expe-

606 1763 759 1799 rimenta
785 1764 991 1812 geoponica
1018 1774 1052 1800 et
1081 1763 1243 1801 Chemiae
1272 1763 1316 1800 ad
1346 1765 1607 1812 agriculturam
1642 1776 1710 1812 ap-

607 1811 886 1861 plicationenem
912 1813 949 1852 in
971 1823 1106 1862 genere
1131 1813 1403 1866 pessfieiendam.
1469 1814 1609 1902 Ultirlno
1632 1811 1709 1860 jam

1573 1875 1709 1914 oquen-
