1877 2625
453 209 1003 261 ἕὲὲςμπῶὲ

176 321 248 359 que
277 308 400 358 majori
424 309 500 359 jam
527 313 561 349 in
590 309 810 349 antecessum
842 308 1002 348 incensus
1026 311 1268 362 Astronomiae

175 361 350 399 defidcrio
378 362 476 411 apud
501 365 664 399 animum
693 364 825 407 statuit,
857 361 890 398 se
917 372 1068 411 quoque
1114 361 1284 411 ejusmoe

175 410 210 450 di
241 413 513 456 vaticiniorum,
555 410 759 450 nesciorum
796 414 933 450 eventis
970 412 1105 460 refelli,
1132 413 1270 453 Aue’to-

175 474 253 500 rem
283 462 477 512 aliquando
506 463 730 500 exstiturum,

212 579 215 581 >
275 562 358 600 Illos
384 575 479 601 anno
505 561 579 610 jam
606 565 717 602 aetatis
743 562 886 601 decimo
916 574 1047 613 quarto
1079 568 1112 602 in
1145 563 1267 602 studiis

173 611 390 662 progressus
429 612 583 656 fecerat,
623 626 664 651 ut
693 613 789 651 Ludi
821 614 995 658 litterarii,
1028 618 1084 653 cui
1115 616 1186 652 'nuc
1212 627 1270 651 us·

172 675 247 715 que
271 675 423 713 operam
449 663 616 710 dederat,
643 664 778 703 Refikor
801 663 929 702 aunon·
958 665 1049 702 Patri
1077 663 1286 714 suasorquev

172 715 365 761 existeret,
396 714 529 752 Filium
563 716 739 763 Uplaliam
769 714 866 752 resta
900 715 1084 760 mittendi,
1125 727 1269 764 praecer-

172 763 304 811 misso,
331 775 371 802 ut
398 775 554 812 vocant,
599 763 705 802 cursu
741 764 990 813 Gymnastico.
1042 765 1114 803 Sed
1138 764 1269 802 anxife—

172 826 213 852 ra
250 814 353 852 ocelli
391 813 440 852 sui
483 827 569 852 cura
609 826 756 864 paterna
785 814 1026 852 Academiam
1051 816 1173 853 adhuc
1205 813 1270 853 dif-

172 863 359 902 ferendam
399 863 599 912 judicabat3
642 876 716 914 quo
758 865 880 914 postea
918 864 1112 914 &ingenii
1140 865 1271 904 studio-

171 926 331 965 rumque
370 918 578 953 maturitate
616 915 843 962 instruffior,
872 915 911 952 &
943 918 1024 954 vitae
1046 928 1270 965 morumque

172 967 368 1003 constantia
393 966 645 1004 confirmatior
689 966 772 1004 illuc
806 965 1005 1004 accederet.
1059 967 1147 1013 Quo
1176 969 1270 1004 circa

172 1027 342 1065 tempore
369 1017 520 1054 demum
557 1016 777 1055 auffiumnali
805 1028 887 1054 ann.
919 1017 1196 1056 MDCCXXXI
1222 1018 1283 1055 ad'

171 1067 415 1116 Gymnaiium
454 1066 600 1113 missus,
634 1067 821 1105 biennium
858 1068 1110 1114 Hernofandiae
1138 1079 1275 1105 transe-·

170 1121 235 1166 git.
295 1118 523 1155 Permultum
553 1120 588 1156 in
631 1118 703 1155 hoc
732 1118 846 1155 stadio
870 1118 1022 1155 contuiit
1049 1120 1083 1155 in
1105 1118 1273 1157 Theolos

169 1171 252 1217 gica
278 1179 390 1218 atque
414 1168 638 1216 philologica
674 1167 788 1206 studia
827 1181 969 1217 operae,
1012 1168 1168 1218 piissima
1190 1180 1273 1218 gras

169 1219 376 1268 tissimaque
403 1231 525 1257 mente
555 1218 853 1268 indulgentissimi
889 1219 1003 1257 Patris
1030 1217 1270 1258 obsecuturus

169 1271 338 1314 monitis,
362 1271 425 1318 qui
458 1270 609 1314 Fiiium,
630 1269 777 1319 quando
808 1269 962 1307 idoneus
990 1268 1137 1307 futurus
1166 1269 1268 1316 esset,

169 1322 232 1368 qui
261 1320 385 1357 Patriae
410 1317 442 1356 se
471 1320 594 1357 usibus
623 1320 897 1364 commodaret,
928 1320 1056 1358 Ordini
1084 1322 1195 1359 Sacro
1210 1320 1275 1358 de·-

167 1371 369 1408 stinaverat.
420 1371 588 1408 Tantum
618 1375 713 1408 enim
740 1370 837 1408 abest
862 1370 1096 1419 quidem,.ut
1122 1370 1267 1420 eonspe-

168 1420 319 1458 &iorem
357 1421 482 1458 Nostri
522 1421 567 1457 ad
596 1421 873 1459 Astronomiam
903 1424 1121 1470 pronitatem
1165 1423 1292 1460 Pater

169 1482 349 1521 umquam
383 1471 644 1519 improbasset,
684 1483 726 1509 ut
759 1474 881 1520 petius
917 1471 962 1508 ad
991 1471 1161 1520 eandem,
1190 1474 1270 1523 pari

167 1533 337 1573 propem:
357 1520 447 1559 dum
479 1533 565 1560 cum
592 1522 740 1572 reliquis
771 1521 894 1559 studiis
918 1521 1025 1570 passu
1054 1521 1267 1573 persequen-

168 1572 272 1617 dam,
312 1570 437 1621 saepius
474 1572 688 1610 cohortatus
719 1570 858 1618 tuisfizt3
897 1570 955 1610 sed
985 1584 1181 1611 munerum
1222 1586 1271 1612 ta·‘

166 1635 252 1660 men
279 1624 313 1660 in
345 1621 470 1659 ordine
492 1623 634 1660 Cierico
672 1623 910 1661 numerositas
936 1623 1066 1662 futurae
1084 1624 1179 1662 Illius
1196 1622 1267 1673 spei

165 1673 346 1712 faventior
366 1673 646 1714 existimabatur.
703 1675 854 1711 Vacavit
890 1676 1013 1724 itaque
1050 1675 1105 1713 his
1146 1677 1268 1723 praeci-

166 1736 241 1774 pue
270 1722 393 1762 studiis
424 1723 484 1761 lile
511 1724 681 1774 quidem,
704 1737 740 1762 at
769 1724 1016 1763 Astronomiae
1044 1738 1117 1762 non
1142 1728 1269 1763 ir'nme·

166 1785 279 1821 mor3
318 1776 353 1813 in
395 1786 509 1824 quam
537 1787 642 1812 amor
668 1774 777 1823 Eius,
818 1786 931 1825 quam
971 1787 1012 1812 ut
1039 1773 1268 1824 refrigescere

164 1822 309 1874 posset,
338 1836 414 1862 erat
432 1825 627 1863 ardentior.
682 1825 836 1863 Aditum
866 1826 915 1863 1111
940 1825 986 1863 ad
1015 1826 1266 1865 coneffionem

165 1873 266 1916 suam
293 1873 496 1915 Librorum
511 1876 617 1916 ultro
641 1875 821 1916 obtulerat
835 1877 1107 1916 Mathematum
1119 1890 1164 1916 eo
1180 1889 1269 1916 tem-

1171 1939 1265 1980 pore
