1877 2625
904 159 1452 210 QmsQ

624 265 672 301 ris
707 257 821 297 ferme
858 257 1020 295 isabellini
1063 255 1119 293 vel
1159 254 1283 304 paullo
1318 255 1435 302 magis
1469 251 1639 298 subfusci,
1682 253 1720 292 &

629 323 760 349 cornua
790 320 902 357 parva
931 307 1068 345 inferne
1095 309 1217 343 teretia
1243 305 1422 342 annullata
1448 305 1569 352 nigra,
1602 303 1722 354 super-

628 373 675 399 ne
716 371 842 396 manca
882 357 920 395 &
958 358 1119 394 lacerata.
1187 358 1352 393 Maxilla·
1390 351 1469 392 sunt
1510 367 1533 400 9
1573 355 1721 404 pollices

629 421 717 448 cum
745 408 894 446 dimidio
922 407 1062 455 longae,
1100 408 1160 444 vix
1187 405 1489 454 sesquipollicem,
1518 403 1608 442 infra
1639 405 1722 442 den-

631 471 684 498 tes
709 458 861 496 molares
885 458 1064 507 postic08,
1098 457 1199 501 latae‚
1244 456 1378 493 ibidem
1415 467 1434 501 5
1472 454 1580 492 lineas
1607 453 1723 492 solum

633 507 778 556 crassae,
822 511 856 545 in
888 510 1002 545 antica
1036 518 1163 554 parte,
1206 505 1270 542 ubi
1299 517 1503 550 concretae,
1539 504 1724 542 latitudine

632 559 797 609 paullum
828 556 932 606 supra
956 556 1138 605 pollicari,
1167 558 1391 593 extremitate
1416 555 1549 604 postica
1575 568 1597 604 3
1624 555 1726 604 polli-

632 621 692 647 ces
727 611 751 645 6
791 609 900 645 lineas
932 607 1122 653 distantes,
1150 606 1247 643 unde
1276 604 1314 642 &
1346 605 1503 642 rostrum
1536 605 1573 642 δε
1605 615 1725 642 totum

634 669 744 707 caput
782 656 888 695 fuisse
916 667 1135 706 perangusta
1163 654 1384 693 concludere
1418 654 1532 693 liceat.
1586 656 1724 692 Dentes

632 709 814 758 primores
847 711 894 752 ὁ,
926 718 1089 756 quorum
1118 706 1226 742 medii
1254 704 1330 742 duo
1357 707 1527 752 maximi,
1564 705 1725 754 proximi

635 757 712 796 duo
742 759 877 795 minimi
909 757 944 794 &
972 758 1086 793 intimi
1108 756 1183 793 duo
1210 754 1434 799 mediocres,
1451 757 1536 803 00);
1567 754 1725 802 diastema

635 810 727 845 inter
742 809 810 846 hos
840 808 877 844 &
905 807 1061 843 molares
1089 805 1313 850 edentulum,
1348 816 1370 843 2
1395 804 1542 853 pollices
1570 805 1595 843 6
1616 806 1725 841 lineas

634 858 810 904 longum,
848 861 940 904 pp);
983 860 1136 892 molares
1180 857 1366 904 utrimque
1411 858 1452 897 ὁ,
1507 855 1725 902 posteriores

633 905 759 944 sensim
792 905 970 953 majores,
1011 904 1229 953 compresfi,
1263 906 1365 953 apice
1403 905 1592 953 utrimque
1632 915 1727 941 mar·

633 958 758 1004 ginati,
796 957 900 993 antici
933 955 1008 992 duo
1038 954 1180 999 obtusi,
1216 953 1401 1003 sequentes
1433 964 1595 1001 quatuor
1627 964 1727 991 trun·

634 1009 721 1052 cati,
762 1008 886 1043 tertius
916 1005 1086 1053 quidem,
1122 1016 1162 1041 ut
1187 1003 1312 1052 ajunt,
1346 1003 1640 1047 horizontaliter‚
1667 1002 1727 1040 sed

633 1056 762 1105 reliqui
807 1054 1011 1092 extrorsum
1035 1054 1206 1103 oblique3
1244 1055 1350 1091 antici
1380 1063 1451 1090 tres
1480 1065 1653 1103 praeterea
1688 1065 1726 1091 u·

635 1109 794 1155 trimque
847 1103 1002 1143 bisulcati
1049 1116 1258 1155 eorumque
1304 1101 1481 1141 secundus
1522 1103 1560 1141 &
1599 1105 1726 1141 tertius

1687 1153 1728 1191 fi.

726 1283 777 1323 oo)
803 1283 849 1313 De
874 1281 1002 1313 maxillis
1023 1293 1102 1312 nunc
1127 1279 1216 1322 elapfi
1248 1279 1313 1311 sunt
1340 1289 1443 1309 omnes
1470 1279 1499 1308 ἀ
1531 1275 1662 1320 perditi,
1693 1285 1727 1310 ut

634 1325 704 1360 illos
729 1328 759 1357 in
782 1324 912 1369 praesenti
938 1324 1030 1358 fufius
1055 1325 1194 1368 scriptura
1216 1322 1348 1367 persequi
1370 1332 1524 1365 nequeam.

721 1397 783 1437 pp)
796 1397 829 1427 l'n
845 1394 999 1427 metiendis
1018 1397 1063 1428 his
1081 1394 1210 1426 maxillis
1225 1392 1357 1425 mensura
1372 1390 1436 1423 usus
1456 1391 1500 1423 fui
1513 1393 1543 1423 ἃ
1555 1392 1676 1433 posthac
1696 1391 1727 1423 in

635 1441 787 1473 mellendo
818 1438 932 1483 semper
962 1451 1026 1471 urar
1058 1440 1136 1481 apud
1158 1451 1212 1470 nos
1234 1435 1416 1468 usitatissima
1439 1448 1484 1469 ea.
1510 1447 1598 1478 quam
1621 1445 1729 1467 vocant

636 1487 801 1526 operariam
823 1484 1010 1525 (verkmarr),
1035 1487 1064 1516 ὃ(
1088 1483 1246 1516 secundum
1272 1493 1360 1525 quam
1383 1492 1436 1521 pes·
1453 1480 1595 1521 succursus
1627 1482 1728 1511 minor

637 1531 752 1572 anglico
779 1531 976 1570 proportione
1005 1538 1035 1559 ur
1059 1538 1120 1568 975
1146 1527 1182 1558 ad
1219 1537 1300 1558 1000
1331 1528 1359 1557 ὅ(
1389 1525 1495 1566 gallico
1531 1535 1562 1554 ur
1594 1533 1658 1563 9'4
1688 1522 1727 1555 ad

639 1583 745 1608 1000,
769 1573 910 1604 dividitur
932 1575 961 1603 in
986 1583 1024 1604 12
1051 1572 1174 1614 pollices
1202 1574 1231 1603 ὅ(
1255 1573 1376 1614 quisque
1404 1570 1503 1611 pollex
1526 1571 1554 1599 in
1582 1575 1599 1603 8
1626 1569 1727 1601 lineas.

636 1617 685 1650 Ad
707 1616 854 1649 mensuras
875 1627 972 1648 aurem
996 1616 1124 1648 aliorum
1149 1615 1229 1658 quod
1253 1617 1372 1652 attinet,
1397 1625 1443 1644 eas
1471 1615 1594 1644 retinere
1621 1612 1726 1644 melius

637 1661 727 1698 duxi,
751 1673 839 1704 quam
861 1661 926 1692 ullo
950 1660 1043 1692 modo
1072 1663 1249 1695 immutare,
1271 1669 1303 1691 ur
1325 1662 1353 1690 in
1382 1656 1588 1689 obscuritatem
1613 1659 1652 1688 rei
1666 1669 1727 1688 ma-

639 1708 686 1750 εἷς
709 1718 796 1744 qumi
822 1704 1057 1748 perspicuitatem
1078 1704 1176 1747 plures
1200 1703 1300 1736 fecisse
1329 1703 1473 1743 intelligo⁴
1531 1703 1643 1732 Omnes
1673 1703 1727 1743 igi-

638 1760 686 1782 tur
711 1751 853 1785 fideliter,
874 1750 972 1793 quales
996 1752 1025 1780 in
1052 1751 1173 1780 auclore
1196 1759 1385 1792 quocumque
1415 1747 1606 1785 exhibentur,
1636 1755 1727 1777 trans-

636 1793 738 1836 scripsr
767 1798 797 1827 ὁ(
821 1794 869 1824 ubi
893 1792 1010 1826 occasio
1033 1793 1143 1835 tulerit,
1158 1792 1372 1830 transseribmm
1396 1791 1471 1822 und:
1490 1803 1552 1834 quae
1578 1802 1613 1821 ex
1635 1801 1726 1832 opere

639 1839 820 1881 Buffom‘ano
847 1841 940 1870 cirarae
962 1840 1167 1873 inveniuntur,
1191 1838 1227 1869 ad
1244 1838 1351 1882 pedem
1374 1837 1517 1880 gallicum
1540 1846 1668 1868 veterem
1690 1846 1727 1867 ae·

640 1883 792 1917 ssim-”indat
813 1882 898 1921 sunt,
921 1885 951 1915 δί
971 1881 1011 1915 fic
1035 1882 1072 1915 de
1094 1884 1206 1915 ceteris.
