1877 2625
884 148 1070 196 sseae
1125 142 1434 195 1⁶42*ss

723 239 933 281 Praelentem
976 240 1166 278 traEtatum
1207 240 1262 277 his
1291 239 1401 277 allatis
1440 237 1485 283 de
1524 237 1635 276 causis
1661 237 1710 278 Ro·

621 293 858 332 scientiarum
886 292 1071 329 Societatis
1099 292 1332 328 attentionem
1375 291 1591 327 metiturum
1618 286 1708 335 esse,
1746 324 1748 326 .

619 343 759 394 sperare
786 343 877 379 licet.
933 341 1061 378 Planta:
1103 342 1180 378 heic
1215 341 1415 378 accuratius
1457 338 1610 376 definitae
1645 337 1708 375 diu

618 396 769 433 nomine
799 391 1109 429 Miscellaneamm
1141 392 1311 439 inflgnitae
1345 389 1513 435 fuerunt,
1552 401 1618 426 nee
1647 389 1709 425 nisi

620 443 868 483 disfimilitudo
898 445 989 480 inter
1013 442 1086 479 illas
1116 444 1205 491 ipsas
1229 443 1266 480 81
1304 441 1524 479 abnormitas
1559 439 1606 476 ab
1635 438 1709 476 aliis

621 493 806 533 observata
833 492 910 531 fuit.
972 491 1047 542 lpse
1073 493 1129 530 ille
1165 491 1373 543 Lycopodii
1403 491 1543 542 pulvis,
1585 491 1648 540 qui
1675 491 1711 527 in

621 545 774 584 officinis
805 544 1024 587 adhibetur,
1057 544 1155 580 haud
1192 546 1239 580 ita
1285 542 1426 592 pridem
1468 543 1601 592 partim
1640 552 1710 589 pro

618 596 777 638 semine,
805 597 937 644 partim
972 607 1041 644 pro
1067 594 1200 644 polline
1237 591 1450 636 mastufino,
1479 591 1622 629 habitus
1653 591 1711 627 est.

621 647 735 702 Qiod
765 646 787 682 si
810 645 959 683 demum
985 658 1070 683 vera
1099 644 1173 691 ejus
1196 657 1321 682 natura
1338 655 1478 681 tantum
1493 654 1568 679 non
1599 643 1712 679 omni-

620 698 690 734 bus
719 698 897 739 innotuit,
933 707 1052 733 tamen
1081 707 1153 732 tam
1181 707 1310 744 parum
1333 695 1483 731 aliarum
1507 692 1712 741 plantarum

621 747 855 796 disquisitioni
884 746 1106 795 applicatum
1133 747 1201 789 est,
1230 758 1270 783 nt
1297 748 1330 782 in
1354 746 1520 793 proxime
1542 741 1711 779 affinibus

621 797 774 835 eandem
804 799 993 834 materiam
1023 796 1078 833 vel
1099 807 1239 845 partem
1270 795 1330 832 fini
1354 796 1464 842 longe
1494 794 1549 830 alii
1566 793 1712 829 destina-

621 860 696 886 tam
723 847 915 885 voluerint.
955 847 1078 884 Multo
1108 848 1226 883 minus
1262 847 1487 894 comparatio
1509 842 1617 889 hujus
1633 842 1713 879 alia-

621 909 782 947 rumque
807 900 963 945 partium
989 910 1075 935 cum
1111 896 1272 945 partibus
1308 896 1509 944 plantarum
1544 895 1714 930 remotio-

621 960 706 986 rum
734 948 889 984 instituta
919 948 984 992 est,
1012 948 1114 997 quod
1133 959 1251 984 tamen
1280 945 1355 983 fieri
1378 943 1481 994 posse
1505 943 1649 980 videtur
1667 954 1712 980 eo

621 995 805 1044 successu,
842 1009 882 1035 ut
917 997 1122 1047 plantarum
1159 998 1518 1046 cryptogamiearum
1548 992 1714 1043 complu·

621 1051 717 1087 rium
746 1050 932 1096 generatio
972 1061 1070 1086 nova
1095 1047 1272 1086 methodo
1302 1046 1540 1085 collustretur.

726 1149 844 1187 Series
873 1149 1187 1187 modificationum
1208 1150 1366 1198 partium
1388 1144 1552 1195 respefi'tu
1577 1144 1715 1189 formae,

623 1199 845 1238 identitatem
876 1212 1028 1250 quoque
1062 1198 1224 1249 respefitu
1258 1199 1338 1236 finis
1373 1197 1479 1235 nobis
1520 1195 1714 1242 indicabit3

624 1252 757 1288 etenim
785 1250 871 1287 nulli
896 1250 1120 1292 dubitamus,
1153 1253 1240 1299 quin
1287 1260 1406 1299 partes
1445 1249 1480 1284 in
1509 1249 1715 1284 conforma-

624 1303 724 1339 tione
751 1300 881 1337 similes
909 1313 1035 1338 natura
1065 1303 1171 1338 etiam
1199 1303 1288 1337 inter
1316 1299 1348 1336 se
1377 1301 1604 1335 conveniant.
1642 1295 1715 1333 Sed

623 1363 741 1390 nexus
764 1350 967 1388 formarum
995 1350 1137 1389 difficile
1165 1353 1200 1388 in
1229 1348 1462 1395 describendo
1487 1347 1715 1389 dilucidatur,

623 1401 723 1440 unde
749 1400 854 1438 nobis
872 1400 1138 1449 jgnoscendum
1165 1401 1189 1438 fi
1219 1413 1300 1451 quae
1332 1398 1461 1439 afferre
1495 1402 1638 1438 animus
1667 1397 1718 1434 est

624 1455 746 1491 minus
766 1452 951 1490 cohaerere
979 1453 1180 1490 videantur.

727 1552 767 1589 In
810 1550 1003 1590 seminibus
1037 1550 1155 1590 Isoetis
1190 1552 1351 1599 lactasti-1⁸5
1394 1548 1527 1587 semine
1563 1544 1717 1597 Papax'se-

629 1605 677 1641 ris
723 1602 845 1652 paullo
885 1602 1084 1649 majoribus
1123 1601 1229 1640 facies
1265 1614 1336 1639 tres
1383 1600 1579 1648 triangulas
1618 1601 1716 1636 lineis

628 1654 772 1691 elevatis
797 1653 1069 1691 eircumcinfftas
1100 1652 1214 1698 (conf.
1241 1652 1339 1691 Tab.
1365 1652 1429 1691 VI.
1462 1652 1551 1699 figg.
1583 1651 1626 1687 E.
1657 1650 1717 1695 F.)

628 1703 732 1741 multi
761 1700 1012 1746 observarunt,
1040 1715 1267 1753 quamquam
1285 1715 1408 1739 earum
1424 1704 1604 1748 originem
1619 1699 1717 1737 haud

627 1754 932 1802 investigaverint.
987 1754 1129 1791 Eodem
1171 1753 1245 1790 fere
1290 1752 1404 1790 modo
1446 1752 1600 1800 figurata
1641 1750 1719 1788 sunt

629 1805 781 1855 granula
808 1805 877 1850 illa(
892 1804 1100 1855 Lycopodii
1115 1804 1377 1853 selaginoidis‚
1401 1815 1480 1853 quae
1503 1801 1651 1853 capsulae
1670 1801 1718 1889 ge

1697 1865 1718 1888 1-
