1747 2620
411 210 992 261 &3³35ss

165 300 249 340 obs.
297 301 333 342 Si
358 314 481 342 motus
506 304 704 342 Satellitum
727 302 862 343 fuerint
896 303 1117 353 retrogradi,
1151 301 1246 341 orbi·
1273 339 1280 341 ,

256 354 340 392 bitae
366 354 507 391 Solares
545 352 620 390 fere
647 354 784 391 eaedem
808 366 930 400 erunt,
979 357 1027 392 ita
1058 365 1177 392 tamen
1206 363 1247 391 ut

256 403 373 441 orbita
401 405 435 440 in
456 402 720 445 Coniunffione
742 403 818 441 fere
851 404 1028 441 coincidat
1063 417 1150 441 cum
1189 415 1244 440 or-

254 453 327 490 bita
355 455 389 489 in
418 453 647 502 oppositione
686 457 722 491 in
758 453 1001 504 suppositione
1037 464 1159 492 motus
1192 452 1242 490 di·⁷

254 502 363 552 retu,
396 502 432 541 δε
457 504 627 553 vicissim3
647 514 689 542 ut
713 516 758 543 ex
787 504 926 544 calculo
948 504 1108 543 instituto
1132 513 1242 555 patet.

626 604 660 653 ς.
697 604 779 642 vn.

260 700 447 738 Haut-nus
476 698 622 736 Orbitas
653 699 854 738 Satellitum
881 709 922 737 ut
953 701 989 736 in
1021 699 1129 736 Plano
1169 699 1239 736 Pri-

158 752 259 788 marii
282 748 437 795 jacentes
468 748 717 794 assumimus,
747 750 781 788 id
825 749 927 799 quod
961 751 997 786 in
1037 749 1240 798 plerisque,

157 800 207 838 ob
235 802 384 847 exiguas
425 799 567 836 illarum
606 800 876 846 inclinationes,
920 803 955 837 in
989 799 1062 836 hoc
1089 801 1240 847 negotio

156 850 297 899 absque
323 850 449 897 insigni
479 861 604 887 errore
631 848 783 900 supponi
813 850 942 899 potest.
968 849 1089 888 Modo
1116 860 1240 886 autem

156 899 428 939 observavimus
444 899 548 949 plana
576 899 778 938 orbitarum
804 900 1007 938 Satellitum
1042 897 1241 936 Hersehelii

156 954 413 998 cognitorum,
457 948 529 987 esse
571 961 683 999 quam
729 952 897 1000 proxime
945 949 1168 996 orthogonia
1195 948 1241 986 ad

155 1001 307 1037 Planum
335 1001 488 1037 Planetae
524 1000 695 1036 Primarii.
751 1000 898 1037 Constat
932 1010 1102 1047 quoque,
1131 998 1241 1035 Satel-

155 1050 254 1086 litem
284 1052 460 1086 extimum
488 1049 629 1085 Saturni
655 1051 796 1085 moveri
828 1051 863 1085 in
879 1048 1007 1097 plano,
1032 1047 1134 1096 quod
1152 1060 1238 1085 cum

154 1099 264 1149 plano
292 1100 450 1136 Primarii
485 1098 663 1145 angulum
699 1099 883 1136 constituit
912 1097 1120 1147 quindecim
1158 1108 1239 1145 gra-

156 1149 293 1193 duum,
328 1148 366 1186 31
401 1150 512 1185 trium
544 1151 575 1186 ei
611 1150 870 1197 proximorum
912 1147 1050 1185 orbitas
1079 1147 1238 1185 inclinari

154 1199 200 1236 ad
227 1198 382 1236 orbitam
411 1199 554 1237 Saturni
581 1198 718 1246 angulo
750 1208 800 1247 30
829 1197 1025 1246 graduum.
1058 1197 1114 1235 De
1142 1198 1239 1235 incli-

154 1251 298 1286 natione
331 1248 491 1286 duorum
535 1261 651 1297 nuper
701 1248 958 1290 deoexrorum,
996 1249 1237 1292 intimorum,

154 1299 255 1343 nihil,
283 1299 372 1335 mihi
400 1297 543 1343 saltem,
571 1297 799 1349 perspettum
829 1299 889 1335 est.
938 1297 1073 1335 Telam
1113 1299 1238 1347 itaque

153 1351 335 1396 inceptam
359 1360 400 1386 ut
427 1360 689 1398 pertexamus5v
719 1348 919 1386 videndum
949 1348 1021 1391 est,
1059 1347 1147 1396 quid
1192 1348 1237 1384 de

155 1398 363 1485 ejusgnodis
377 1398 632 1447 grandiori-bus
672 1398 944 1437 inclinationum
989 1396 1155 1444 angulis,
1189 1409 1237 1435 te-

154 1460 223 1485 nen
252 1461 316 1485 um
354 1461 391 1486 it.

257 1547 491 1586 Obscuritatis
529 1549 680 1588 vitandae
714 1547 860 1593 caussa,
903 1547 1058 1585 orbitam
1104 1547 1236 1585 Satelli-

155 1602 215 1643 εἰς,
247 1601 387 1636 τεῑίοηε
421 1598 542 1636 habita
577 1598 622 1636 ad
656 1599 812 1636 orbitam
841 1599 1030 1645 Primarii,
1060 1598 1233 1634 tantulam

153 1646 344 1698 suppono,
365 1659 407 1686 ut
433 1649 537 1686 instar
560 1649 685 1697 punssi
713 1648 924 1687 considerari
955 1647 1091 1697 possit,
1114 1648 1151 1684 ἃ
1175 1648 1235 1685 Sa—

155 1699 303 1736 tellitem
332 1709 373 1737 ut
394 1698 569 1747 exipsius
602 1711 728 1737 centro
765 1698 1012 1747 egredientem
1048 1700 1084 1734 in
1124 1696 1232 1747 plano

155 1749 302 1793 orbitae,
329 1759 435 1787 motu
460 1749 586 1799 aequali
615 1749 651 1786 &
682 1748 870 1799 parallelo,
905 1750 1023 1787 motui
1058 1746 1123 1784 suo
1158 1758 1235 1784 tan-

156 1799 296 1846 gentiali
319 1801 482 1848 proprio.
517 1800 655 1849 Neque
683 1801 759 1837 haec
783 1800 956 1838 assumtio
985 1801 1018 1835 in
1049 1798 1233 1846 plerisque

155 1849 311 1886 multum
338 1849 491 1887 obstabit
514 1852 651 1889 veritati
675 1850 974 1895 conclufionum3
1007 1858 1102 1885 tanta
1134 1850 1232 1884 enim

155 1900 204 1936 est
240 1898 456 1948 plerumque
491 1903 584 1938 ratio
613 1899 782 1938 distantiae
825 1899 976 1937 Planetae
1017 1899 1179 1936 Primarii
1209 1910 1230 1935 a

155 1948 239 1987 Sole
272 1948 318 1987 ad
351 1949 546 1991 distantiam
584 1950 746 1989 Satellitis
780 1964 800 1989 a
847 1950 1038 1996 Primario‚
1082 1948 1229 2035 ursnisi

665 2001 694 2040 E
720 2014 740 2039 2
1152 2010 1230 2036 urn-
