1877 2625
897 152 1084 203 &ss
1166 161 1239 204 140
1316 152 1503 203 &aa

802 251 1144 313 PLANTAE
1178 250 1214 325 J
1220 247 1597 309 APONICAE

1021 370 1056 405 N
1070 370 1102 404 O
1113 370 1146 405 N
1158 370 1192 404 N
1205 370 1237 403 U
1248 369 1279 403 L
1292 369 1324 403 L
1337 368 1383 402 ΖΕ

1073 459 1338 489 ILLUSTRATAE.

1189 553 1216 575 A

827 609 1038 652 CAROLO
1067 610 1243 651 PETRO
1273 610 1584 651 THUNBERG.

752 744 802 770 uo
830 734 985 769 rariores
1008 729 1189 769 censendae
1217 729 1295 769 sunt
1320 730 1474 780 plantae,
1506 741 1664 779 quarum
1687 741 1747 767 na-

661 735 750 841 Ω
780 782 847 820 tale
874 780 989 819 solum
1012 782 1057 819 ab
1085 783 1236 831 Europa
1265 781 1411 829 longius
1439 779 1542 818 distet
1570 793 1613 818 eo
1636 778 1747 827 majo-

660 847 740 872 rem
767 835 999 870 attentionem
1024 833 1062 869 &
1085 834 1287 870 accuratius
1311 843 1462 869 examen
1488 831 1746 868 Botanicorum

659 886 790 922 mereri
817 883 984 920 videntur
1026 883 1161 930 singula
1188 883 1318 920 harum
1360 880 1573 931 specimina,
1612 881 1746 931 quibus

659 936 785 984 paucis
813 933 1016 971 admodum
1054 933 1300 983 Botanophilis
1333 931 1512 970 Herbaria
1544 930 1603 969 sua
1632 931 1746 969 ditare

660 984 699 1024 ὅ(
719 995 895 1023 exornare
920 983 1068 1021 licuerit.

754 1077 878 1127 Hujus
908 1080 1050 1129 generis
1068 1109 1080 1126 ‚
1102 1078 1126 1116 si
1154 1090 1235 1128 quae
1260 1078 1359 1124 aliae,
1388 1080 1517 1127 utique
1545 1075 1624 1114 sunt
1651 1075 1748 1124 plan·

661 1141 705 1169 tae
731 1128 926 1179 japonssae,
959 1128 1084 1167 furtim
1112 1130 1209 1179 quafi
1237 1132 1270 1166 in
1297 1127 1417 1166 Infulis
1449 1132 1606 1165 maxime
1634 1127 1746 1164 orien-

660 1180 789 1219 talibus
825 1180 918 1218 Afiae
961 1179 1139 1225 collefilae,
1185 1179 1221 1216 &
1251 1181 1352 1216 venia
1381 1178 1523 1215 difficile
1553 1175 1748 1215 obtinenda

659 1231 771 1269 allatae
800 1242 819 1266 e
848 1231 1016 1277 regione,
1041 1230 1086 1267 ad
1113 1241 1224 1279 quam
1249 1230 1420 1267 Botanico
1446 1230 1507 1266 vix
1523 1226 1628 1265 semel
1657 1238 1747 1277 quo-

659 1284 715 1320 vis
742 1280 875 1319 Seculo
902 1279 1050 1318 liberior
1076 1292 1195 1330 pateat
1222 1279 1353 1317 aditus.

754 1375 873 1413 Erunt
902 1377 1048 1424 itaque,
1092 1386 1134 1411 ut
1164 1373 1290 1423 spero,
1318 1373 1467 1421 alicujus
1503 1375 1629 1422 pretii,
1672 1382 1748 1409 non

658 1425 774 1465 modo
805 1423 924 1473 sparsae
952 1426 1016 1463 illae
1038 1423 1326 1474 Descriptiones,
1358 1437 1448 1475 quas
1473 1426 1507 1461 in
1534 1423 1634 1461 Auis
1657 1424 1748 1460 Aea·

660 1478 786 1515 demiae
796 1477 949 1514 Naturae
958 1474 1195 1514 Curiosorum
1224 1475 1322 1513 dedit
1334 1476 1454 1513 Celeb.
1472 1475 1694 1515 CLEYERUS,
1710 1472 1748 1510 8<

659 1527 836 1576 amplior,
875 1537 986 1576 quem
1015 1528 1175 1563 continet
1199 1524 1401 1563 Fasciculus
1431 1525 1592 1577 Quintus
1624 1525 1748 1560 Amoe-

658 1579 812 1616 nitatum
828 1578 1053 1615 exotiearum
1066 1576 1191 1614 Illustr.
1209 1576 1443 1621 KAEMPFERI,
1461 1575 1660 1622 Calai()gUS
1678 1573 1748 1610 Ve-

659 1627 872 1677 getabilium
908 1625 1186 1676 japonicarum‚
1232 1638 1298 1663 nec
1328 1639 1401 1664 non
1440 1626 1547 1664 Flora
1581 1636 1661 1662 mea
1686 1623 1748 1673 Ja-

659 1680 808 1729 ponica,
836 1688 918 1716 ante
941 1678 1068 1725 viginti
1094 1688 1207 1714 annos
1233 1678 1269 1715 in
1297 1677 1418 1715 lucem
1446 1677 1550 1715 edita.

764 1772 863 1810 Cum
889 1784 980 1810 vero
1008 1770 1056 1809 ab
1085 1773 1184 1810 omni
1215 1782 1316 1821 parte
1342 1772 1449 1811 Flora
1478 1772 1554 1809 h‘aec
1587 1767 1748 1810 absoluta

660 1835 726 1862 nec
756 1821 832 1861 esse
859 1823 987 1872 posfit,
1025 1834 1090 1860 nec
1130 1821 1233 1860 facile
1270 1823 1418 1872 posthac
1449 1820 1619 1872 speranda
1655 1824 1747 1869 erit;

661 1886 705 1911 eo
727 1876 971 1922 acceptiorem
993 1871 1090 1917 fore,
1112 1873 1199 1911 mibi
1214 1871 1398 1923 persuasus
1416 1872 1507 1921 sum,
1534 1883 1748 1923 quamcum-

660 1935 751 1973 que,
779 1936 861 1975 quae
887 1924 972 1963 huic
1005 1924 1124 1963 Florae
1156 1935 1219 1963 aut
1247 1924 1426 1965 conciliari
1455 1924 1589 1976 posffi,
1629 1935 1748 2013 οἶγε-

805 1999 807 2005 ,
1697 1986 1747 2013 ιο-
