1877 2625
857 184 1406 235 -ἑὲἓεςτκξῆ

588 284 705 325 multo
732 285 930 324 auffiorem
958 295 994 322 et
1016 284 1061 322 ad
1089 283 1253 323 medium
1288 296 1407 334 usque
1446 281 1552 321 seculi
1587 295 1682 323 xvxi.

588 335 743 374 deduaa
765 338 968 373 narratione
999 336 1173 383 vulgavit.
1241 335 1343 388 Quas
1372 347 1461 372 vero
1504 333 1685 383 suscipien—

589 386 654 423 das
697 385 938 423 meditabatur
974 387 1203 435 operationes
1245 387 1447 430 cnemicas,
1487 385 1684 422 subtiliores

588 437 771 484 inprimis,
798 435 942 473 differre
965 435 1129 484 paullum
1154 433 1255 482 jussit
1277 435 1430 473 AEdium
1457 434 1686 471 Laboratorii

589 485 742 523 debilior
769 485 932 532 habitus,
952 486 1350 535 instrumentorumque
1365 483 1501 522 summa
1527 486 1685 533 penuria.

589 537 714 584 Itaque
754 548 903 573 omnem
935 537 1052 573 movit
1079 534 1259 584 lapidem,
1302 547 1340 572 αι
1378 546 1489 584 quam
1525 533 1688 572 citissime

591 598 697 624 novae
724 586 1018 623 construerentur
1045 584 1139 621 aedes
1166 584 1212 622 ad
1237 585 1556 633 ichnographiam,
1578 595 1689 632 quam

590 633 663 685 ipse
691 635 949 683 delineaverat3
974 647 1014 673 nt
1037 634 1244 673 fornacibus
1264 633 1459 682 majoribus
1477 634 1691 671 minoribus·

591 698 687 736 que,
714 686 805 722 vasis
830 687 950 723 vitreis
988 685 1203 734 reliquoque
1233 696 1409 735 apparatu
1444 686 1602 721 maxime
1633 695 1692 720 ne-

591 734 743 773 cessario
759 735 1042 774 Laboratorium
1069 736 1317 779 instrueretur,
1344 745 1379 771 et
1400 735 1562 782 insignis,
1580 744 1692 782 quam

592 798 686 825 anno
716 796 862 822 MDCCL.
888 784 949 821 sibi
986 796 1263 835 comparaverat
1286 783 1486 822 Academia
1515 783 1694 821 Minerali-

593 848 660 873 um
687 835 849 872 colleffio
882 836 1080 879 Swabiana,
1113 836 1204 871 cistis
1226 847 1290 883 per
1316 845 1412 872 xvn.
1438 846 1553 871 annos
1586 833 1693 870 inclu-

593 884 650 932 sa,
667 881 785 934 posset
805 883 949 922 tandem
975 883 1102 920 ordine
1129 882 1319 930 colldcari,
1343 886 1427 920 etin
1445 883 1568 929 finem,
1583 894 1693 931 quem

594 934 814 985 speetaverat
830 933 1054 978 Academia,
1077 933 1220 981 publice
1245 935 1392 982 exponi.
1444 933 1537 987 Qae
1557 932 1695 980 singula

595 997 691 1034 opus
718 982 797 1035 Ipso
825 994 982 1031 urgente
1007 995 1043 1020 et
1069 984 1245 1031 dirigente
1280 996 1325 1020 ex
1352 995 1444 1021 voto
1472 982 1696 1028 ceciderunt,

596 1038 645 1074 ita
680 1046 724 1072 ur
760 1034 1024 1083 praeleffiones‚
1064 1036 1198 1071 interea
1235 1035 1410 1083 temporis
1450 1036 1487 1071 in
1527 1033 1696 1070 Theatro

599 1085 854 1123 Oeconomico
880 1083 1038 1127 habitas,
1064 1086 1100 1121 in
1127 1096 1253 1131 novo,
1283 1083 1385 1133 quod
1410 1086 1445 1121 in
1472 1084 1568 1121 hunc
1592 1080 1697 1119 usum

597 1136 770 1185 peculiari
794 1146 882 1171 cura
906 1145 1112 1183 aptaverat,
1136 1133 1400 1178 Laboratorio,
1426 1135 1637 1171 continuare
1663 1143 1699 1168 et

599 1185 741 1223 idoneis
771 1186 1026 1232 experimentis
1061 1184 1290 1226 collustrare,
1318 1185 1399 1232 post
1425 1195 1562 1220 annum
1594 1184 1696 1220 laetus

600 1237 786 1284 inciperet.
825 1234 1059 1271 Swabianum
1075 1232 1595 1279 Thesaurummineralibus,
1617 1244 1699 1282 quae

600 1283 673 1334 ipse
702 1284 898 1330 collegerat
924 1283 1097 1328 auss’mm,
1124 1284 1263 1320 decenti
1297 1283 1413 1320 modo
1443 1285 1482 1329 in
1511 1284 1602 1319 atrio
1628 1294 1700 1318 ma-

597 1333 667 1383 jori
696 1332 894 1372 secundum
933 1336 1142 1370 interiorem
1179 1333 1481 1381 compositionem
1514 1330 1699 1381 disposuit.

601 1386 664 1423 Ne
691 1396 779 1421 vero
808 1383 1037 1420 multitudine
1064 1395 1099 1419 et
1122 1384 1290 1420 varietate
1316 1380 1551 1432 speciminum
1572 1381 1701 1419 obrue-

601 1446 727 1473 rentur
756 1445 865 1482 atque
898 1433 1178 1470 distraherentur
1213 1434 1319 1469 nimis
1356 1430 1479 1469 insueti
1516 1430 1712 1471 iuniorum·

603 1485 720 1529 oculi,
748 1496 879 1521 eorum
909 1486 944 1520 in
971 1481 1052 1520 usus
1082 1482 1203 1531 selegit
1223 1495 1283 1528 ea,
1312 1493 1394 1531 quae
1421 1480 1615 1531 perspicuis
1642 1492 1704 1518 no-

604 1538 648 1573 tis
676 1533 853 1579 distinfi’ta,
880 1536 1037 1570 maxime
1071 1532 1325 1570 memorabiles
1365 1534 1584 1570 mutationes
1618 1529 1703 1568 indi-

604 1596 746 1625 carent,
782 1595 817 1620 et
847 1595 993 1620 omnem
1030 1586 1066 1620 in
1101 1595 1243 1632 partem
1277 1582 1488 1621 contree'tari
1517 1580 1623 1630 etjam
1656 1578 1703 1618 ab

604 1636 778 1682 imperitis
806 1633 877 1670 sine
904 1633 1119 1670 detrimento
1144 1631 1300 1682 possent.
1351 1632 1434 1672 Alia
1457 1634 1493 1669 in
1521 1644 1622 1681 parte
1638 1630 1704 1669 do-

605 1697 689 1723 mus
719 1685 879 1719 Suecana
903 1683 1082 1729 congessit
1108 1682 1310 1729 mineralia,
1349 1694 1415 1732 per
1449 1682 1590 1720 loculos
1617 1691 1706 1727 geo·

607 1734 781 1782 graphica
797 1735 933 1769 ratione
957 1734 1002 1768 ira
1027 1732 1207 1781 disposita,
1232 1744 1271 1769 ut
1291 1743 1371 1781 quae
1388 1733 1532 1769 Natura
1552 1729 1705 1777 junium

609 1783 770 1827 offeri-et,
800 1795 875 1820 uno
903 1782 1001 1832 quasi
1030 1784 1178 1824 intuitu,
1204 1779 1237 1818 st:
1272 1793 1423 1831 quoque
1444 1782 1593 1819 curiosis
1615 1779 1706 1818 fiste·

609 1846 689 1872 rent
713 1835 749 1871 in
769 1833 954 1878 Theatro,
983 1833 1084 1882 quod
1113 1834 1210 1871 vices
1236 1834 1405 1870 itinerum
1430 1831 1475 1870 ad
1501 1829 1590 1883 ipsas
1615 1827 1705 1869 fodi·

1640 1892 1705 1920 nas
