1877 2625
461 194 1008 251 &zvis-⁴²23&

186 284 397 333 loquentem
425 288 609 327 audiverat
625 292 837 337 Academia,
862 293 963 342 cujus
989 300 1022 335 in
1044 301 1283 339 conventibus

188 334 314 372 diserte
347 348 596 383 parentaverat
635 354 793 390 quatuor
829 344 1007 384 destinetis
1033 349 1171 388 Sociis:
1200 352 1285 389 Pro-

186 383 307 422 fessori
339 386 531 434 Upsalieusi
559 391 652 429 N1c.
689 394 926 439 W‘ALLERIO,
969 398 1008 435 R.
1036 400 1177 447 Colleg.
1204 403 1285 440 Me-

186 435 255 472 tall.
284 436 499 475 Consiliariis
531 441 637 478 ANT.
667 453 714 479 DE
735 445 856 494 “SWAB
885 459 920 482 et
951 448 1099 486 GEORG.
1120 451 1282 489 BRANDT

185 497 293 534 arque
326 487 448 534 Regiae
480 490 583 528 Aulae
613 493 850 532 Marelchallo
883 496 952 534 &c.
986 497 1120 537 Libero
1149 501 1278 539 Baroni

183 535 349 573 CAROLO
375 548 423 575 DE
447 539 570 578 Germ.

274 634 455 685 Upfaliam
485 637 647 676 reversus
674 639 840 678 consueta
862 646 1019 694 impigre
1044 647 1203 687 resumsit
1223 662 1282 688 ne-

180 685 295 731 gotia,
326 688 359 723 in
390 688 424 725 id
449 689 689 732 incumbens,
727 703 767 728 ut
794 692 966 733 adamatae
1002 699 1161 736 Scienoiae
1195 700 1281 737 limi·

180 746 233 770 tes
263 736 440 781 dilataret,
466 750 606 787 reperta
629 739 770 778 dudum
801 755 835 778 et
860 744 1005 784 stabilita
1027 748 1073 784 ab
1099 749 1171 785 aliis
1194 761 1280 786 cum

178 784 260 820 Suis
290 788 441 823 inventiS
475 787 713 836 conjungeret
744 802 780 827 et
804 793 838 827 in
867 793 1014 832 scientim
1044 798 1198 834 formam
1228 811 1281 834 re-

176 833 277 871 daeca
318 834 509 885 discipulos·
537 837 695 875 doceret.
750 841 921 881 Peculiari
954 857 1040 884 cura
1075 846 1136 883 diu
1176 848 1280 885 colle-

176 893 303 931 gerat,
333 896 412 934 quae
443 887 486 923 de
503 887 730 926 Attrafflone
756 891 902 930 relativa
929 907 1130 940 corporum
1152 898 1279 946 simpli·

175 936 275 970 cium
310 937 345 972 in
380 934 519 985 scriptis
555 938 809 977 chemicorum
851 943 952 982 allata
980 945 1278 995 deprehenderat.

175 981 364 1021 Crescente
386 998 476 1024 vero
499 989 671 1025 continue
701 1002 826 1027 earum
860 1006 1030 1039 numero,
1061 1008 1180 1045 operae
1200 1010 1277 1046 pre·

175 1035 265 1070 tium
295 1035 510 1084 videbatur,
545 1050 671 1076 omnes
705 1039 770 1077 has
803 1044 1033 1083 attraffiones
1070 1049 1201 1084 iterum
1235 1049 1278 1084 ri-

173 1083 258 1132 gide
287 1082 455 1135 scrutari,
476 1098 579 1124 antea
610 1100 684 1126 non
723 1094 879 1139 cognitis
906 1106 1042 1142 augere
1071 1107 1104 1133 et
1133 1096 1278 1145 symbo-

171 1133 237 1170 lica
268 1134 425 1184 denique
445 1135 564 1174 forma
592 1142 697 1176 certis
724 1139 966 1182 schematibus
1000 1146 1275 1195 eomprehenffis

168 1180 320 1230 junffim
351 1186 468 1224 edere.
521 1187 688 1225 Immenfi
722 1194 862 1239 operis,
905 1195 989 1242 plus
1018 1207 1128 1244 quam
1156 1199 1278 1244 trigin-

172 1244 206 1269 ta
234 1234 341 1272 millia
375 1238 630 1285 experimentis
671 1237 934 1288 superstruendi
956 1245 1075 1282 ideam
1097 1258 1170 1283 non
1193 1259 1278 1284 con-

170 1285 268 1332 cepit
297 1285 440 1333 modo,
467 1285 524 1324 sed
552 1298 685 1335 quanta
713 1301 876 1340 unquam
902 1294 1011 1331 valuit
1040 1297 1208 1343 patientia
1243 1305 1279 1333 et

170 1333 491 1384 circumspeffione
532 1337 673 1375 effeetm
711 1338 796 1377 dare
835 1342 1062 1384 allaboravit.
1127 1345 1278 1394 Optime

171 1383 318 1431 quidem
344 1383 525 1433 perspexit
554 1400 620 1436 per
647 1387 730 1424 alias
761 1402 887 1435 curas,
917 1404 952 1429 et
980 1396 1180 1432 imminutis
1204 1394 1278 1433 sen-

169 1433 234 1470 sim
265 1434 430 1483 viribus,
458 1436 534 1474 fieri
555 1449 628 1474 non
658 1437 781 1486 posse,
813 1451 852 1477 ut
879 1442 922 1479 ad
948 1442 1078 1487 finem,
1107 1455 1189 1494 quae
1217 1458 1276 1483 co·

168 1485 346 1530 gitaverat
391 1498 410 1523 a
446 1485 479 1523 se
519 1488 825 1536 perducerentur,
868 1494 964 1530 viam
1007 1505 1127 1531 tamen
1174 1507 1277 1533 mon-

168 1532 309 1582 strasse,
341 1535 500 1574 obscuris
536 1537 654 1574 lucem
683 1539 905 1589 accendisse,
930 1545 1025 1580 veris
1052 1543 1170 1582 robur
1195 1556 1278 1594 per-

167 1595 386 1623 ennaturum
423 1586 628 1625 conciliasse
666 1600 701 1626 et
732 1601 813 1639 quae
848 1593 986 1642 reliqua
1022 1591 1160 1638 forent,
1200 1596 1276 1644 qui-

167 1633 237 1671 bus
264 1637 420 1674 venienti
446 1640 537 1675 aetati
565 1640 735 1686 exemplo
763 1638 869 1685 esset,
909 1644 1000 1681 adeo
1027 1643 1276 1683 honorificum

166 1695 278 1734 atque
302 1683 365 1723 suo
389 1690 610 1725 conveniens
637 1689 757 1727 officio
786 1690 959 1737 ducebat,
1001 1704 1042 1731 ut
1074 1704 1191 1732 cetera
1226 1694 1275 1732 nil

166 1745 390 1774 moraretur.
443 1737 605 1775 Indicant
631 1739 708 1775 haee
731 1738 830 1784 ίέιῑίς,
856 1753 936 1790 quae
963 1745 998 1780 in
1027 1743 1147 1780 limine
1164 1741 1274 1781 susce·

165 1793 238 1832 ptae
257 1784 503 1834 disquisitionis
524 1799 722 1826 occurrunt
737 1789 866 1829 veiha:
880 1794 1040 1830 haaenus
1059 1806 1078 1829 a
1098 1806 1148 1830 me
1151 1792 1273 1843 fiu‘i‘as

168 1834 455 1885 observationes,
493 1840 657 1888 quamvis
697 1839 925 1890 incompletas
959 1850 995 1881 et
1037 1855 1210 1931 mancas-c}-
1235 1845 1272 1881 in

1121 1906 1172 1932 me
1196 1906 1271 1932 tum
