1877 2625
456 194 641 242 Λ-ὲ-μ,
700 202 770 245 183
811 169 1011 242 '⁴2⁵2ss

194 295 290 335 aliud
307 295 478 334 indicium
501 293 576 341 ejus
601 294 755 345 superest
770 308 881 345 quam
906 295 1098 345 obliquitas
1119 294 1287 344 quaedam

193 345 355 397 capsulae.
410 346 470 384 Ab
500 346 554 382 illa
584 348 705 395 itaque
740 359 841 395 parte
878 347 1015 383 nullum
1045 357 1184 385 eertum
1218 346 1288 382 dis-

194 401 332 436 crimen
384 398 473 433 inter
522 395 648 434 Filiees
708 396 1014 443 longitudinaliter
1077 407 1288 445 rumpentes

197 448 234 484 &
274 448 445 486 Psilotum
488 446 606 492 detegi
653 448 806 495 poterit3
858 459 976 495 neque
1010 457 1161 493 ruptura
1207 447 1289 495 plus

197 500 317 535 minus
351 496 621 546 praesignificata
666 496 867 533 evidentior
907 498 965 534 est.
1015 497 1236 535 Dubitamus
1267 498 1292 533 i·

198 559 306 597 taque
336 559 470 584 numne
502 547 671 583 Pl'ilorum
704 546 869 584 Filicibus
899 548 1026 584 melius
1056 547 1290 595 jungeretur,

199 610 310 648 quem
339 596 426 647 quid
439 609 487 633 ,ττι
515 595 722 644 scrupulum
746 596 857 634 solvet
894 597 1091 647 disquisitio
1121 599 1165 634 de
1193 594 1292 634 serni-

198 661 289 686 num
321 660 416 685 nexu
456 651 489 683 in
526 647 655 684 Pliloro
688 649 773 683 vivo
812 648 1041 693 instituenda,
1084 660 1155 697 qua
1184 649 1292 684 etiam

199 703 357 747 pretium
385 700 469 735 novi
495 697 709 734 characteris
738 697 845 734 nostri
876 697 1009 734 ordinis
1037 700 1170 736 certius
1197 709 1294 744 pate·

200 749 264 787 bit.
309 750 380 786 Res
420 749 546 795 Utique
597 745 742 793 majoris
787 750 964 784 momenti
1007 746 1079 784 esse
1122 747 1293 793 videtur,

199 799 302 849 quod
318 797 595 845 Tetradidymae
617 796 925 844 longitudinaliter
950 796 1168 835 dehiscentes
1190 808 1294 846 aeque

199 862 241 887 ac
269 849 394 886 Filices
423 850 497 897 pari
537 847 734 885 direfflone
776 859 987 896 rumpentes
1028 848 1164 885 nonnisi
1205 850 1295 885 inter

199 901 363 947 tropicos
390 897 552 937 crescunt
579 899 621 947 (fi
651 897 805 934 dubium
833 908 949 945 genus
987 896 1141 947 Equiseti
1179 896 1296 934 forsan

199 947 392 998 excipias);
422 962 440 984 e
467 951 649 986 contrario
679 947 956 985 Tetradidvmae
984 948 1210 986 transveer
1237 947 1296 983 de-

202 999 373 1037 hileentes
405 998 571 1036 Filieibus
610 1000 788 1048 proximae
825 1001 875 1036 nti
912 999 1105 1047 Botrychia
1141 1000 1200 1037 vix
1234 996 1298 1035 nisi

200 1052 237 1088 iu
264 1049 402 1100 frigidis
431 1049 636 1087 borealibus
661 1048 777 1097 plagis
805 1061 1014 1088 occurrunt.

306 1145 406 1199 Qiin
434 1143 648 1194 Equisetum
675 1157 694 1181 a
728 1147 863 1183 caeteris
891 1142 1052 1187 recedat,
1080 1143 1166 1180 nulli
1196 1142 1299 1179 dubi-

203 1206 332 1233 tamus.
378 1195 472 1231 Heic
499 1207 618 1232 tamen
648 1207 715 1243 pro
745 1207 911 1243 tempore
938 1196 1057 1241 aptius
1080 1205 1190 1242 quam
1217 1192 1297 1229 alibi

201 1247 391 1295 reponitur
419 1244 468 1282 ob
502 1245 666 1282 habitum
695 1245 731 1282 &
773 1244 1027 1282 dehiscentiarn
1063 1243 1300 1293 capsulamm.

203 1298 264 1334 An
300 1296 359 1332 fila
385 1293 460 1342 ejus
486 1307 661 1345 quaterna
693 1296 829 1334 elastiea
860 1294 945 1344 quid
974 1295 1117 1342 analogi
1146 1293 1301 1331 indicent

204 1358 288 1384 cum
316 1344 507 1385 seminibus
531 1349 715 1396 quaternis
742 1358 976 1390 emeramni,
997 1345 1068 1383 buc
1088 1356 1205 1394 usque
1226 1354 1300 1381 non

203 1397 355 1436 constat.

308 1492 481 1530 Psilotum
506 1489 667 1539 respePtu
693 1490 991 1529 conformationis
1028 1489 1196 1526 omnium
1225 1498 1302 1536 par-

204 1544 296 1580 tium
325 1542 416 1579 adeo
441 1541 698 1590 Tmefipteridi
723 1544 911 1586 convenit,
939 1553 979 1578 ut
1006 1539 1159 1577 dubium
1188 1537 1304 1585 injice·

204 1606 244 1630 re
271 1592 316 1630 de
336 1592 535 1630 diversitate
565 1593 699 1629 horum
718 1603 897 1639 generum
913 1601 1091 1639 oporteat.
1122 1588 1304 1626 Denticuli

204 1644 251 1681 illi
277 1642 349 1680 bini
379 1641 441 1679 (ub
472 1643 610 1690 singula
638 1644 954 1690 coagmentatione
984 1639 1208 1690 capstilaruin
1236 1637 1305 1675 Psi-

206 1694 288 1736 loti,
327 1693 464 1731 nonnifi
503 1695 653 1730 minurie
693 1693 750 1730 {ua
794 1692 963 1730 differunt
997 1704 1017 1728 a
1057 1688 1174 1727 bifidis
1210 1688 1304 1726 foliis

206 1743 497 1792 Tmefipteridis.
550 1743 721 1780 Vidimus
749 1754 901 1794 quoque
923 1745 959 1780 in
986 1741 1116 1780 Pfiloto
1144 1736 1303 1789 capsulas

205 1793 296 1831 duas
322 1793 578 1833 tantummodo
602 1791 754 1841 junuaq.

707 1845 744 1882 Z
772 1857 791 1881 2

1239 1888 1308 1928 Ca-
