1877 2625
441 211 991 262 &383ss

173 314 210 350 tii
229 313 456 359 immunem,
480 326 499 351 a
526 312 822 351 consistorialibus
851 314 945 352 curis
967 313 1165 363 ceterisque
1182 314 1266 351 Pro»

171 361 323 400 sessoria:
350 364 564 402 conditionis
590 367 834 400 avocamentis
862 363 1011 400 liberam
1039 362 1099 400 fibi
1127 376 1161 401 et
1187 364 1266 400 ada—

171 425 275 450 matae
304 414 464 451 Scientiae
506 415 650 457 vivere,
690 412 791 459 cujus
833 417 996 460 cultura,
1047 414 1159 462 Ipsius
1188 415 1268 451 sunt

171 463 300 510 verba,
325 472 359 500 et
385 464 498 500 dulcis
526 463 592 512 est,
615 473 649 501 et
675 476 786 501 novos
809 465 954 511 semper
983 465 1107 514 offert,
1143 466 1265 511 quibus

172 516 367 550 recreentur
405 522 439 550 et
467 526 671 561 occupemur
710 516 887 550 materias.
947 514 1083 562 Neque
1117 515 1267 558 Patriae,

171 565 229 599 cui
256 561 448 612 profutura
476 574 626 612 quoque
654 560 788 609 essent,
818 575 898 612 quae
930 563 1107 611 Berolini,
1131 567 1165 601 in
1192 576 1268 601 am-

168 613 276 662 pliori
302 612 545 650 Laboratorio
576 624 610 650 et
645 611 771 659 majori
802 614 1123 651 instrumentorum
1159 626 1269 663 appa·

170 673 249 699 ratu
276 665 460 706 munitus,
490 664 676 710 detegeret
706 674 741 699 et
767 661 1042 712 exsequeretur,
1071 664 1267 711 inglorium

169 712 415 759 existimabat,
445 712 609 761 pluribus
639 712 703 749 fibi
731 711 894 758 servatis,
930 725 1046 750 unum
1073 714 1267 763 aliquando

168 760 229 799 sua
248 764 348 800 intra
372 764 564 811 pomoeria
598 775 724 799 natum
753 762 1023 811 educatumque
1047 763 1268 801 Chemicum

168 813 299 848 exteris
325 809 533 860 permisisse.
584 810 646 850 Ad
672 811 782 848 fidem
807 811 964 859 denique
987 824 1147 860 pronum
1173 813 1269 850 vide·

168 861 294 907 batur,
315 861 417 909 quod
446 861 618 898 vacillanti
647 860 840 898 valetudini
865 860 930 897 sub
961 863 1096 899 mitiori
1124 863 1269 900 climate

166 911 257 948 coeli
286 910 413 947 mellus
434 908 722 957 succurreretur,
748 922 859 960 quam
873 910 1085 948 ‘borealium
1104 911 1270 951 hiemum

167 962 357 998 intentiora
386 958 524 1007 frigora
552 958 795 1009 permiserant.
846 961 954 998 Talia
981 962 1100 1000 lecum
1123 962 1270 999 volven-

167 1021 203 1048 te
231 1021 266 1047 et
292 1012 383 1047 inter
410 1012 547 1048 amicos
570 1011 751 1060 quosdam
770 1008 1029 1048 sermocinante
1053 1012 1269 1050 BERGMAN-

112 1092 113 1095 ,
167 1072 234 1107 No,
262 1058 358 1097 fama
382 1061 432 1096 rei
459 1059 506 1097 ad
534 1062 674 1108 Regem
700 1061 931 1098 GUSTAVUM
960 1061 1018 1098 ΙΙΙ.
1031 1062 1167 1110 perlata
1196 1063 1268 1109 est,

166 1113 225 1148 cui
254 1123 343 1147 mox
365 1110 499 1158 placuit
536 1111 745 1148 Academiae
779 1110 1002 1149 Cancellario
1032 1111 1167 1149 Comiti
1193 1113 1271 1150 Ru-

166 1163 400 1198 DENSCHOLD
424 1158 638 1210 injungere,
666 1173 707 1199 ut
734 1161 858 1199 litteris
884 1161 1132 1200 BERGMANNO
1168 1160 1270 1211 spem

166 1210 299 1248 faceret
328 1209 437 1247 salarii
465 1210 580 1258 aufi’ti,
605 1213 640 1248 in
662 1223 844 1260 quantum
859 1215 1108 1261 permitterent
1134 1212 1270 1251 AErarii

166 1260 380 1298 Academici
409 1262 586 1305 rationes,
615 1260 807 1299 discessum
836 1274 948 1309 vero,
982 1274 1094 1312 quem
1120 1263 1270 1300 medita-

165 1311 274 1349 batur
299 1309 514 1357 fignificaret
539 1311 606 1347 8:ae
636 1312 711 1349 R:ae
742 1309 918 1358 MaJ'estati
948 1312 1046 1348 haud
1075 1312 1175 1349 aliter
1201 1312 1269 1348 dis-

166 1361 379 1411 pliciturum
395 1372 435 1397 ac
464 1360 487 1396 fi
506 1360 581 1397 Sibi
606 1362 792 1408 ingratum
805 1361 938 1409 aliquid
959 1360 1148 1398 accidisset.
1198 1361 1271 1398 His

166 1410 297 1447 auditis
322 1408 528 1447 sententiam
551 1411 735 1459 externplo
762 1410 929 1448 mutabat
950 1412 1111 1455 Noster,
1140 1410 1270 1449 oblatae

166 1462 361 1510 provincia:
375 1486 385 1506 ,
414 1459 439 1496 fi
468 1460 522 1497 vel
540 1460 655 1497 multo
672 1461 864 1508 insigniora
880 1459 1049 1506 fuissent,
1070 1460 1270 1499 commoda

166 1508 350 1549 recusabat
379 1521 413 1548 et
441 1509 539 1559 apud
560 1511 698 1557 Regem
722 1510 950 1548 mitissimum
971 1510 1078 1548 salarii
1094 1523 1272 1559 augmen-

166 1570 248 1600 tum
270 1559 459 1610 quodlibet
476 1558 748 1608 deprecabatur.
763 1561 881 1598 Novis
902 1573 992 1599 vero
1006 1565 1163 1612 acceptis
1181 1562 1271 1599 litte-

166 1610 239 1654 ris‚'
265 1623 347 1660 quae
368 1609 503 1659 aliquid
531 1622 644 1657 certe,
675 1611 777 1660 quod
804 1609 973 1662 consequi
998 1623 1157 1661 optaret,
1183 1610 1270 1649 indi·

166 1660 326 1700 candum
363 1659 563 1708 urgebant,
599 1663 745 1709 rogavit
779 1671 945 1708 tantum,
988 1662 1111 1700 liceret
1153 1661 1214 1699 fibi
1250 1673 1272 1698 e

167 1711 334 1754 statione,
361 1722 442 1748 ante
470 1710 601 1748 exaffis
629 1713 664 1748 in
693 1711 752 1748 illa
782 1712 928 1758 triginta
966 1715 1066 1749 annis
1095 1710 1271 1749 decedere

166 1760 193 1798 fi
216 1763 342 1798 attritae
364 1762 471 1798 nimis
502 1762 596 1797 vires
619 1760 653 1797 id
669 1760 902 1809 postularent.
931 1762 1063 1799 Viduae
1081 1773 1221 1805 antem,
1244 1760 1271 1798 fi

167 1812 328 1847 moriens
364 1809 587 1859 superstitem
628 1811 839 1859 reliquerat,
880 1822 1030 1850 centum
1065 1811 1271 1860 imperiales

169 1858 333 1910 quolibet
365 1872 478 1909 anno,
519 1873 540 1908 e
575 1860 726 1912 publico
752 1859 860 1912 fisco,
898 1874 982 1904 (non
1019 1862 1270 1915 Academico,

1163 1921 1269 1959 cnjus
