1877 2625
901 172 1088 220 Q&
1141 172 1208 216 ¹88
1262 168 1447 215 ΔΕΒ-ἑῆ-

802 266 1114 325 USNEAE
1175 265 1559 324 GENERIS

939 385 1124 424 NOVAE
1160 383 1403 423 SPECIES

692 478 833 537 QUAS
860 479 1153 518 DESCRIPSlT
1183 477 1257 517 ET
1286 477 1644 518 ADUMBRAVIT

828 574 1086 613 ERICUS
1144 573 1510 612 ACHARIUS.

738 657 774 677 M.
798 657 828 677 D.
850 656 1041 677 PROFESSOR
1060 657 1134 677 ETC.
1153 657 1230 682 EQU.
1252 656 1331 677 nto.
1352 656 1430 676 ORD.
1451 656 1492 676 DE
1521 655 1624 678 VASA.

623 854 699 943 In
727 906 929 945 ordinando
957 919 1015 946 eas
1052 906 1191 956 plantas
1217 918 1236 943 e
1269 904 1529 944 Lichenum
1576 904 1714 942 Fami·

623 955 700 1000 lia,
729 969 819 1007 quas
849 957 893 994 ad
936 959 1108 996 Usneas
1153 957 1273 994 retulit
1314 955 1541 993 Clarissimus
1572 955 1715 992 D1LLE-
1759 977 1763 980 -

623 1017 733 1052 mus,
761 1007 1028 1057 dispolitioaem
1057 1007 1143 1054 Ejus
1185 1007 1357 1045 melenus
1387 1006 1544 1055 amplexi
1571 1003 1649 1042 sunt
1677 1016 1715 1040 o·

624 1068 729 1094 mnes
754 1057 827 1096 fere
857 1060 1028 1097 Botanici.
1088 1059 1141 1095 At
1179 1060 1306 1095 acriori
1348 1054 1571 1104 specierum,
1604 1057 1713 1092 etiam

623 1119 644 1144 a
674 1110 937 1147 recentioribus
967 1109 1004 1146 &
1029 1108 1272 1146 celeberrimis
1301 1108 1408 1145 nostri
1439 1108 1505 1143 aevi
1534 1106 1712 1143 Botanicis

622 1156 671 1194 ad
699 1158 870 1197 Usneas
901 1161 1092 1196 relatarum
1121 1158 1310 1206 indagine,
1348 1169 1414 1194 nee
1452 1169 1527 1194 non
1560 1166 1712 1202 earum,

624 1218 708 1256 quae
731 1212 939 1259 nuperrime
968 1210 1135 1251 deteffle,
1164 1210 1251 1246 mihi
1273 1209 1428 1255 cognitae
1457 1205 1552 1250 sunt,
1583 1205 1711 1242 melius

623 1257 822 1306 addoelus,
852 1259 975 1301 didici,
1001 1273 1075 1297 non
1091 1272 1218 1297 omnes
1245 1262 1393 1296 omnino
1418 1257 1572 1293 Usneae
1596 1255 1712 1292 Gene-

622 1309 653 1344 ri
682 1308 904 1346 associandas
933 1309 1024 1352 esse,
1054 1314 1140 1360 quin
1167 1312 1287 1358 potius
1315 1308 1360 1345 ad
1387 1308 1451 1344 alia
1487 1307 1631 1344 Genera
1658 1317 1711 1342 re-

622 1354 797 1397 ferendas.
857 1359 944 1411 Quo
972 1359 1066 1398 fafiaeo
1090 1363 1197 1397 etiam
1240 1359 1395 1396 Usneae
1435 1357 1588 1394 Generis
1629 1355 1711 1392 cha·

621 1406 799 1446 rasterem
826 1410 1045 1447 essentialem
1068 1423 1109 1447 ae
1134 1409 1334 1447 naturalem
1362 1406 1564 1444 evidentius
1594 1405 1631 1442 δι
1655 1417 1711 1442 ae-

621 1461 782 1496 curatius
810 1472 1018 1510 proponere
1042 1472 1195 1498 conatus
1218 1460 1314 1504 sum,
1337 1469 1447 1506 arque
1477 1469 1521 1493 ex
1544 1456 1615 1492 hoc
1638 1455 1713 1492 Ge·

622 1518 709 1545 nere
737 1509 811 1546 illas
838 1510 1029 1548 excludere
1053 1511 1223 1560 SpecieS,
1251 1521 1349 1559 quae,
1371 1519 1494 1545 natura
1517 1504 1710 1552 suffragan-

624 1567 677 1603 te,
701 1558 766 1597 alia
806 1559 971 1605 Genera,
999 1560 1060 1597 {ibi
1087 1562 1257 1610 propria,
1289 1562 1421 1596 intrare
1449 1556 1667 1594 debuerunt.

725 1653 860 1692 Praeter
893 1666 996 1693 antea
1031 1665 1138 1692 notas
1171 1655 1336 1703 Species,
1376 1653 1536 1690 Usneae
1571 1649 1708 1688 Generi

620 1705 818 1753 proprias,
851 1705 972 1755 plures
1012 1717 1124 1742 novas
1155 1704 1365 1742 enumeravi
1404 1705 1437 1739 in
1464 1702 1588 1749 Opere
1622 1712 1706 1737 meo

620 1754 679 1790 cui
724 1754 874 1792 titulus:
930 1755 1232 1803 Lichenographia
1279 1753 1524 1798 Universalts,
1563 1749 1707 1787 Gottin-

620 1812 679 1852 gae
723 1815 821 1844 nunc
862 1807 962 1857 typis
1001 1803 1251 1852 exscribendo,
1290 1805 1343 1842 nti
1384 1802 1422 1840 δι
1462 1800 1707 1891 οὴαῑῑιξὶειῦτη

1678 1862 1708 1888 So
