1877 2625
841 158 1436 207 szsseff

600 264 620 288 a
647 251 874 289 Phoenicibus
904 263 1024 288 ortum
1054 249 1155 287 suum
1182 253 1372 294 traxerint,
1405 251 1588 288 Phoenices
1616 262 1675 287 au-

601 313 699 346 tem,
736 311 776 337 ut
821 313 865 337 ex
893 299 996 349 supra
1036 300 1212 337 recensitis
1245 301 1377 347 linguae
1412 299 1570 349 ipsorum
1602 301 1677 337 reli-

601 352 694 399 quiis
712 350 849 387 clarum
877 350 916 387 sit
939 362 1047 399 atque
1073 348 1326 399 perspicuum,
1352 351 1513 397 linguam
1537 363 1558 388 a
1583 350 1677 387 chal-

599 401 743 438 daismis
783 400 821 437 δε
859 398 1035 447 syriasmis
1079 403 1280 437 immunem
1316 400 1526 446 habuerint,
1555 402 1677 448 patriae

599 453 622 487 i.
649 462 678 486 e.
707 450 893 487 cananitidi
934 451 1066 497 linguae
1112 462 1250 487 tenaces
1291 448 1396 487 fuisse
1423 449 1591 487 credibile
1628 449 1677 486 sit.

599 500 744 537 Etenim
774 502 834 547 qui
869 502 902 535 in
931 499 1000 548 ipsa
1036 499 1235 544 Palaestina,
1278 500 1338 537 vbi
1375 503 1566 538 Aramaeos
1597 501 1681 536 vici-

600 561 669 588 nos
698 548 876 586 habebant
903 549 1062 596 linguam
1086 547 1183 586 suam
1209 562 1362 598 puram,
1391 562 1456 586 nec
1483 562 1568 587 cum
1598 550 1679 585 Vici-

600 602 654 636 nis
684 599 839 636 dialeffis
868 601 1086 647 permiXtam
1131 611 1349 643 tenuerunt,
1377 597 1454 636 sane
1481 603 1515 636 in
1541 600 1680 636 Mauri-

599 660 716 693 tania,
745 649 804 685 vbi
832 661 916 686 cum
933 650 1061 697 Syris,
1092 650 1265 686 Chaldaeis
1287 650 1324 686 <St
1351 650 1577 687 Samaritanis
1605 648 1682 686 nul-

601 699 679 736 lum
722 701 891 743 omnino,
938 712 999 736 aut
1040 711 1134 735 certe
1178 700 1461 736 remotissimum
1501 697 1681 736 habebant

602 751 896 793 commercium,
943 750 1130 787 vocabulis
1174 750 1344 797 Syriacis,
1381 749 1581 786 Chaldaicis
1619 748 1681 786 rel.

601 800 762 848 linguam
802 802 952 847 patriam
989 799 1314 848 corrumpendi&
1341 799 1496 846 augendi
1541 799 1681 836 occasio

601 849 684 897 ipfis
709 849 802 885 nulla
829 849 910 885 data
933 848 1010 886 fuit.
1078 849 1257 886 Credibile
1287 851 1407 898 potius
1442 846 1550 893 esset,
1590 849 1687 886 mul·

603 910 655 936 tas
684 898 728 934 ad
768 899 899 945 linguae
931 900 1116 947 phreniciae
1155 900 1298 947 regulas
1335 899 1551 947 compofitas
1581 911 1681 948 pere·

602 950 724 995 grinas
755 948 926 985 diffiones
944 949 1187 996 populorum,
1216 961 1309 997 quos
1332 951 1484 997 imperio
1516 947 1577 985 suo
1604 947 1683 986 sub-

601 1000 788 1042 iecerant,
830 1010 892 1034 aut
940 998 1161 1046 quibuscum
1201 995 1372 1045 magnam
1417 998 1453 1034 &
1499 998 1682 1045 copiosam

602 1046 817 1084 exercebant
856 1050 1137 1094 negotiationem
1166 1075 1176 1092 ,
1214 1050 1365 1085 civitatis
1407 1050 1485 1084 iure
1532 1049 1682 1086 donatas

603 1095 724 1139 fuisse,
756 1107 911 1145 quarum
957 1109 1074 1133 tamen
1100 1100 1133 1133 in
1157 1100 1217 1140 iis,
1246 1109 1325 1146 quae
1360 1095 1579 1146 suspersunt,
1606 1098 1682 1134 reli-

604 1148 718 1196 quiiS,
762 1146 900 1182 nullum
931 1150 1078 1183 omnino
1108 1148 1295 1194 vestigium
1338 1147 1494 1195 adparet.
1556 1148 1683 1184 Unum

603 1197 675 1233 hoc
695 1195 842 1244 quidem
864 1196 1013 1233 concedi
1038 1195 1139 1233 facile
1158 1198 1292 1244 potest,
1307 1198 1502 1234 Poenorum
1521 1209 1684 1245 pronun-

604 1247 788 1283 tiationem
808 1245 853 1281 ab
873 1258 931 1294 ea,
956 1257 1035 1295 quae
1050 1246 1235 1283 Palaestinis
1264 1247 1458 1283 domestica
1486 1245 1573 1291 fuit,
1594 1246 1685 1284 mul-

605 1307 684 1333 tum
713 1296 916 1340 recessisse,
959 1296 1060 1344 quod
1099 1294 1188 1333 salva
1231 1296 1362 1344 lingua:
1403 1299 1549 1346 Utrique
1585 1298 1684 1345 genti

605 1345 804 1382 vernaculas
828 1348 983 1393 puritate
1005 1346 1078 1382 fieri
1104 1348 1245 1394 potuit,
1274 1359 1312 1383 vt
1338 1347 1506 1395 exemplo
1537 1348 1586 1384 est
1612 1359 1685 1384 ma-

604 1397 706 1432 xime
744 1394 878 1432 diverfia
907 1395 1123 1444 judaeorum
1155 1396 1376 1441 Germani-ee,
1419 1395 1607 1433 Lufitania:
1648 1397 1684 1433 δε

603 1445 761 1482 Orientis
785 1445 1039 1493 pronuntiandi
1069 1448 1177 1490 ratio,
1202 1457 1282 1495 quae
1311 1448 1344 1482 in
1373 1444 1491 1483 causfii
1517 1447 1590 1492 est,
1619 1459 1683 1483 cut

602 1495 764 1542 legentes
795 1495 831 1530 ἃ*
860 1495 1048 1543 loquentes
1077 1493 1110 1531 se
1147 1508 1221 1533 non
1245 1496 1452 1543 intelligant.
1504 1497 1682 1541 Accedit,

604 1543 709 1592 quod
735 1544 876 1591 loquela
901 1544 1037 1592 plebeia
1063 1557 1082 1581 a
1105 1543 1231 1582 sonora
1260 1548 1550 1591 pronuntiatione
1567 1547 1603 1582 &
1619 1559 1684 1595 pu-

605 1595 708 1630 ritate
746 1593 877 1640 linguae
904 1594 1132 1630 eruditorum
1159 1594 1348 1633 defleuere
1375 1596 1502 1644 posffi,
1532 1596 1604 1634 hoc
1636 1608 1684 1633 ta·

605 1655 688 1679 men
717 1655 788 1679 non
818 1643 993 1691 impedit,
1035 1655 1110 1692 quo
1137 1646 1256 1682 minus
1285 1645 1407 1692 lingua
1436 1648 1573 1694 quaevis
1603 1658 1683 1683 eru-

605 1693 678 1729 dita
703 1691 863 1740 respeetu
888 1695 1030 1729 internae
1066 1691 1134 1730 suae
1162 1693 1344 1731 strtissturae
1376 1697 1587 1744 incorrupta
1612 1708 1684 1732 ma—

605 1753 698 1780 neat.
754 1742 939 1795 Qiicquid
970 1744 1159 1786 fit,tamen
1188 1755 1231 1780 ex
1261 1744 1431 1781 omnibus
1458 1747 1492 1781 in
1520 1745 1684 1783 medium

604 1791 777 1841 prolatis,
806 1791 841 1828 &
866 1793 1054 1830 manifestis
1090 1791 1189 1831 faE‘tis
1218 1794 1349 1843 stipatis
1373 1798 1609 1842 argumentis,
1638 1807 1682 1833 ex

605 1854 687 1879 mea
708 1841 855 1891 quidem
880 1844 1048 1890 opinione
1075 1841 1250 1892 sequitur,
1288 1856 1328 1881 nt
1358 1844 1480 1893 lingua
1506 1846 1683 1884 Phoenicia

606 1891 651 1930 ab
678 1892 834 1930 Hebraea
860 1890 935 1931 solo
964 1904 1103 1934 tantum
1128 1895 1274 1933 nomine
1297 1893 1459 1935 differat,
1495 1895 1532 1935 &
1558 1908 1683 1933 revera

1613 1958 1683 1984 una
