1877 2625
435 204 1008 268 ἐὲωὲιὲς

186 295 282 343 cippi
315 295 533 344 Judaeorum
563 307 708 344 nomina
732 310 767 346 in
788 309 906 352 fronte
929 327 1120 367 gerenteS,
1150 333 1254 372 quot-

188 355 280 393 quot
301 346 419 384 adhuc
447 351 481 386 in
508 352 683 392 Palaestina
722 359 872 410 aliisque
906 367 1061 405 Orientis
1088 370 1177 409 locis
1206 386 1257 410 re·

182 397 394 442 periuntur‚
424 410 517 447 quos
539 403 630 440 inter
655 406 752 444 haud
779 416 883 458 pauci
908 419 1155 459 remotissimae
1178 433 1258 460 aeta-

183 445 224 479 tis
253 444 384 482 dantur
409 460 428 484 a
455 450 582 487 nostris
610 460 944 503 peregrinatoribus
975 477 1109 505 temere
1138 472 1257 519 negle-

182 493 226 530 &i
246 520 255 538 ‚
285 508 413 533 omnes
442 503 589 538 omnino
618 503 797 552 assyriaeis
826 513 1091 555 eha1·a&eribus
1117 521 1256 568 praediti

180 541 268 580 sunt.
330 546 421 602 Quae
446 558 561 596 quum
583 553 629 590 ita
657 555 743 600 sint,
760 570 879 599 nonne
909 565 1109 605 testimonio
1134 570 1172 607 id
1195 572 1255 617 est,

178 592 358 632 Hebraeos
397 609 582 647 nunquam
625 609 823 653 peregrinis
842 641 855 656 ‚
897 612 955 651 sed
994 620 1140 664 patriis,
1162 620 1198 658 h.
1225 633 1256 657 e.

178 641 359 690 assyriacis
384 647 648 689 charaeteribus
670 657 704 691 in
726 662 883 707 propriis
904 661 1039 712 scriptis
1064 667 1099 704 8(
1126 681 1255 707 monu-

176 696 306 730 mentis
344 694 426 732 usos
468 698 574 736 esse?
617 702 768 742 Ferente
807 708 874 746 hac
918 715 1131 762 occasione,
1176 719 1251 757 haec

176 745 432 783 tantummodo
458 749 494 784 in
524 752 728 791 transcursu
755 759 930 808 attingere
957 764 1067 803 volui.

266 837 340 875 Hic
370 841 518 889 quidem
540 844 722 886 subsistere
744 852 885 900 possem
904 883 913 902 ‚
940 859 1004 896 nisi
1026 858 1124 900 nefas
1146 862 1252 901 duce-

171 898 250 923 rem
277 888 412 927 filentlo
442 897 589 932 transire
618 898 757 938 celebre
794 905 880 942 illud
908 908 1040 956 linguae
1062 912 1250 960 phoeniciae

169 937 358 985 popularis
393 939 660 994 fragmentum,
705 953 806 999 quod
845 956 993 995 Plautus
1025 963 1062 997 in
1099 963 1249 1001 Poenulo

171 985 258 1032 suo,
287 988 385 1026 Aeta
415 991 461 1028 V.
487 991 587 1032 scena
615 997 638 1035 Ι.
667 997 715 1048 sq.
745 1006 928 1043 aeternitati
965 1012 1249 1051 commendauit.

171 1036 391 1090 Qanquam
425 1039 613 1083 fatendum
640 1049 708 1093 est,
735 1051 969 1093 librariorum
989 1061 1124 1097 incuria
1152 1060 1248 1099 insci-

170 1089 314 1134 tiaque,
357 1090 395 1127 &
424 1093 525 1139 quod
552 1096 587 1131 in
626 1097 770 1136 censum
799 1107 947 1143 omnino
972 1111 1098 1156 venit,
1138 1110 1246 1158 ipfius

167 1137 324 1173 aneton-is
355 1139 516 1187 linguam
545 1149 771 1194 peregrinam
800 1151 923 1191 litteris
951 1156 1065 1194 latinis
1094 1158 1138 1196 ad
1161 1172 1247 1208 pro-

167 1188 425 1225 nuntiationem
451 1195 620 1239 punicam
647 1198 939 1248 transscribendi,
965 1206 1001 1242 &
1021 1219 1157 1245 vocum
1182 1208 1249 1258 syl-

165 1234 263 1272 labas
299 1235 437 1275 senariis
465 1241 608 1288 ‚Jambis
649 1247 863 1296 adaptandi,
894 1254 1099 1306 litterasque
1121 1269 1245 1305 guttu-

164 1285 254 1322 mles
284 1286 320 1323 8(
347 1287 522 1328 fibilantes
562 1299 785 1343 exprimendi
813 1314 944 1352 anceps
973 1306 1010 1343 8(
1035 1308 1153 1345 audax
1182 1321 1241 1358 pe-

164 1335 338 1380 rieulum,
366 1339 404 1375 &
433 1341 515 1377 hine
544 1355 630 1380 ortae
653 1348 787 1386 crebrae
826 1351 1041 1399 syllabarum
1071 1357 1107 1394 8(
1138 1370 1242 1395 voca·

164 1383 340 1421 bulorum
368 1387 557 1427 divisiones
596 1394 633 1430 8(
673 1401 939 1440 transieffiones
961 1433 969 1448 ‚
1008 1406 1072 1443 has
1109 1407 1242 1455 linguae

162 1434 348 1480 phoeniciae
372 1438 536 1487 reliquias
563 1446 680 1481 varios
707 1460 846 1498 eosque
876 1465 919 1489 ex
945 1466 1049 1501 parte
1074 1455 1240 1494 insanabi-

162 1484 211 1519 les
235 1496 358 1521 naevos
387 1491 639 1538 contraxisse3
674 1496 777 1535 haud*
796 1512 910 1548 pauca
937 1513 1058 1542 tamen
1086 1507 1238 1550 restant,

163 1544 243 1581 quae
267 1533 311 1570 de
336 1535 467 1583 linguae.
494 1540 588 1578 istius
616 1543 790 1585 struitura
823 1551 990 1590 hebraica
1014 1554 1242 1593 luculentum

159 1581 323 1630 praebent
365 1587 618 1628 testimonium.
691 1596 784 1633 Mihi
828 1600 977 1648 quidem
1012 1606 1239 1652 propofitum

160 1643 234 1668 non
257 1634 329 1677 est,
359 1637 460 1683 quod
495 1641 573 1686 post
610 1640 727 1690 petiti,
769 1647 916 1695 Grotii,
957 1653 1130 1697 Salmafii,
1172 1655 1237 1692 Bo·

159 1681 271 1719 charti
299 1684 526 1735 aliorumque
565 1703 669 1728 curas
700 1699 832 1744 punica
865 1700 977 1737 Plauri
1006 1703 1236 1751 explicandi,

159 1729 231 1777 ipse
260 1735 369 1771 torius
399 1739 579 1786 pericopae
617 1747 911 1795 experimentum
941 1754 1078 1799 capiam
1097 1780 1107 1798 ‚
1149 1767 1237 1803 prae·

158 1779 276 1820 sertim
314 1795 429 1833 quum
456 1797 569 1835 grave
596 1790 660 1838 fit,
697 1807 717 1831 e
756 1804 856 1836 textu
885 1800 1050 1840 nondum
1075 1802 1154 1842 satis
1179 1816 1233 1891 Rq-

1210 1867 1235 1892 t-

195 1919 1230 1949 M—

155 1963 243 2007 ptisci
278 1971 332 1998 aeui
356 1980 546 2006 monumenta
567 1975 699 2010 dealbata
721 1979 757 2013 de
780 1980 881 2017 futuro
905 1987 1049 2027 attentius,
1073 1996 1161 2031 quam
1182 1985 1234 2019 ad=

156 2010 215 2042 huc
237 2009 350 2048 factum
375 2016 433 2055 est,
455 2029 556 2053 coram
576 2021 724 2066 aspiciant.
