1877 2625
871 168 1420 216 &392ss

596 271 752 306 maxime
779 269 914 305 alienus
932 297 942 312 ‚
971 280 1112 316 aperte,
1131 278 1210 316 quae
1234 266 1419 309 sentiebat,
1441 278 1520 317 quae
1545 266 1693 304 detexis-

595 318 627 356 se
655 319 727 355 Sibi
761 319 965 362 videbarrm
999 318 1086 355 dixit
1121 330 1155 355 er
1184 321 1216 355 in
1246 318 1433 367 pubiicum
1469 316 1572 354 usum
1609 330 1694 354 con-

595 370 684 406 tuiit.
734 371 898 407 Multum
938 381 1024 405 vero
1053 366 1190 412 abfuit,
1230 381 1268 405 ut
1294 369 1339 405 ab
1366 368 1504 405 errandi
1530 368 1693 416 periculo

593 419 624 456 se
653 421 852 456 immunem
882 420 1121 466 existimaret,
1145 431 1207 456 aut
1238 420 1481 468 pertinaciter,
1507 430 1546 455 ut
1574 416 1693 464 hujus-

592 469 694 507 modi
725 471 891 507 homines
920 468 1051 515 soient,
1082 470 1229 507 meliora
1263 469 1441 515 edossus,
1473 469 1617 517 pristina
1646 470 1693 505 ni·

591 520 788 557 hilominus
819 520 990 557 venderet
1017 531 1126 569 atque
1155 530 1417 569 propugnaret.
1459 519 1495 555 ln
1522 520 1692 567 proemio

592 568 885 619 Opufeulorum,
929 581 1089 619 quorum
1118 571 1269 608 Tomus
1313 569 1337 605 l.
1371 569 1628 607 Stockiioimiae
1660 580 1692 608 a.

592 632 843 658 MDchxxnr.
871 620 1022 658 ultimus
1059 633 1145 658 vero
1181 621 1243 657 Vl.
1273 620 1442 669 idemque
1475 620 1691 668 posthumus

589 670 721 719 Lipfiae
749 682 920 709 MDCCXC.
950 670 1109 719 prodiit,
1152 673 1319 719 ingenuae
1354 671 1486 708 mentis
1525 671 1558 705 in
1597 670 1691 705 inda·

586 725 707 769 gando
751 724 843 759 Vero
881 733 1029 758 omnem
1065 719 1178 758 nisum
1223 722 1455 768 integerrime
1485 719 1690 757 testificatus

589 771 658 807 est:
689 773 726 808 Si
747 773 949 809 erraverim
975 771 1129 818 alicubi,
1158 773 1249 809 inter
1280 772 1344 808 alia
1377 770 1482 817 dicit,
1511 771 1574 806 hoc
1604 770 1692 806 nihil

587 820 635 856 ”a
665 836 714 857 me
740 823 888 857 alienum
914 829 1022 868 puto,
1051 829 1085 858 et
1113 830 1152 857 ut
1186 823 1417 868 corrigatur,
1460 834 1527 867 quo
1562 819 1688 864 citius,

586 869 653 907 ”eo
682 871 803 907 melius
823 899 835 916 ‚
864 870 968 918 opto''
995 871 1130 918 pariter
1159 872 1194 907 in
1229 870 1351 907 litteris
1381 869 1426 906 ad
1464 870 1689 914 MORVEAU,

584 918 676 958 saera
702 922 884 957 mentione
917 918 1145 957 formationis
1180 932 1283 957 terrae
1314 919 1448 956 Siiieeae
1478 918 1611 954 '‘nzieux
1639 919 1689 954 in·

584 970 709 1018 ”struit
727 968 960 1016 J'abandonne
987 984 1063 1006 mon
1086 971 1252 1018 opinion,
1286 979 1320 1007 et
1343 966 1385 1015 je
1411 982 1459 1006 me
1487 966 1623 1014 rejouis
1648 971 1689 1005 de

585 1021 688 1059 ’'voir
704 1024 737 1058 Ia
753 1021 874 1059 ven-it&
894 1021 1020 1058 briller
1043 1024 1130 1056 dans
1153 1020 1304 1067 toutson
1316 1019 1446 1065 jour?
1502 1019 1584 1056 Hac
1602 1029 1687 1067 pro·

583 1071 716 1115 bitate‚
747 1082 828 1120 quae
857 1072 982 1107 merita
1006 1067 1198 1115 cujuslibet
1222 1067 1351 1107 caussae
1376 1067 1466 1116 justa
1481 1069 1579 1105 lance
1597 1079 1687 1116 pon-

583 1120 753 1167 derabat,
782 1119 887 1157 suum
904 1123 1098 1169 unicuique
1115 1119 1349 1164 tribuebat,a
1377 1118 1466 1156 fastu
1494 1131 1528 1155 et
1556 1117 1686 1155 invidia

582 1183 688 1221 :eque
714 1183 875 1218 remota,
914 1171 1072 1207 multum
1101 1170 1212 1208 valuit
1239 1169 1345 1216 etjam
1380 1172 1471 1206 inter
1500 1168 1592 1211 illos,
1623 1170 1686 1216 qui

582 1224 616 1259 in
645 1221 775 1258 eadem.
801 1233 906 1257 arena
936 1221 1117 1268 infigniori
1139 1232 1224 1257 cum
1253 1220 1358 1257 laude
1378 1218 1617 1264 desudabant,
1641 1230 1686 1254 ex

582 1271 716 1320 quibus
745 1272 978 1308 Scnssfflum
1015 1283 1089 1308 non
1133 1282 1204 1307 una
1244 1269 1290 1308 de
1322 1268 1441 1308 cau5sa
1485 1266 1685 1307 nominasse

578 1320 679 1369 juvat
710 1322 749 1368 ⁸).
803 1320 1114 1370 Occupatissimus
1141 1320 1222 1358 iicet
1252 1318 1341 1358 esset
1358 1320 1515 1368 Noster,
1541 1331 1609 1406 resd
1615 1329 1684 1376 per

1613 1379 1684 1405 iem

623 1530 660 1573 *)
686 1529 759 1571 Qz
781 1528 925 1559 Cauno
947 1526 1058 1570 scripsit
1083 1528 1249 1562 seneffia,
1272 1536 1445 1570 praematura
1472 1535 1567 1558 morte
1581 1527 1682 1558 Berzo-

668 1583 777 1605 MANN!
807 1571 979 1615 perculsus,
1012 1572 1182 1615 pulcerrimi
1218 1573 1306 1604 instar
1335 1573 1486 1614 Epitaphii
1521 1571 1682 1613 Utriusque

667 1618 800 1649 animum
825 1616 896 1649 serae
918 1618 1079 1659 posteritati
1104 1616 1275 1649 indicabunt
1303 1615 1374 1647 ’'Ich
1408 1617 1482 1648 habe
1503 1616 1594 1646 Ihnen
1617 1617 1682 1645 eine

667 1663 815 1704 ’'traurige
839 1663 1005 1693 Naehricht
1029 1673 1068 1693 zu
1091 1661 1220 1693 melden.
1266 1662 1304 1692 Es
1335 1662 1384 1692 hat
1417 1662 1551 1692 nemlich
1573 1659 1681 1691 leidtr!

666 1705 773 1737 '’unstr
794 1705 997 1738 vortresfliche
1033 1704 1181 1737 Professor
1216 1705 1274 1737 und
1310 1707 1405 1737 Ritter
1433 1707 1596 1737 Remum
1630 1704 1680 1735 das

663 1752 825 1782 ''Zeitliche
844 1753 898 1781 mit
915 1750 982 1782 dem
994 1752 1121 1792 Ewigen
1143 1748 1344 1782 vervechselr.
1372 1751 1428 1781 Die
1444 1751 1570 1781 Chemie
1585 1750 1680 1780 konn-

663 1797 710 1827 ”te
736 1798 765 1827 in
789 1799 879 1826 elnam
908 1797 1021 1827 Manno
1053 1795 1134 1826 nicht
1158 1796 1241 1825 mehr
1279 1794 1439 1829 verlieren.
1481 1794 1526 1825 als
1546 1795 1574 1824 in
1602 1794 1678 1825 Ihm.

662 1839 750 1873 ’'Sein
772 1840 870 1872 Leben
893 1851 958 1871 war
971 1851 1049 1883 ganz
1069 1839 1125 1871 den
1140 1837 1390 1871 wissenschaften
1403 1838 1586 1880 gewidmet:
1609 1839 1678 1870 abet

663 1885 758 1920 ”scine
784 1884 888 1918 Kiirze
911 1896 976 1918 war
995 1886 1071 1918 auch
1095 1886 1142 1917 ihr
1164 1882 1278 1928 Opfer!
1304 1882 1374 1916 Und
1398 1894 1460 1916 wer
1485 1883 1590 1928 vergilt
1615 1894 1677 1915 nun
