1877 2625
430 203 978 278 &229ss

163 302 298 350 poterit
337 299 504 351 perspici,
544 299 646 349 quod
689 312 809 350 neque
843 298 952 336 ullam
990 296 1061 347 ipsc
1106 297 1254 346 allegat,

162 362 284 400 neque
313 363 492 401 quantum
520 362 632 400 penes
659 362 727 387 nos
766 351 815 387 est
843 347 1024 391 iudicare,
1062 349 1132 386 ulla
1159 351 1255 386 inve-

163 403 260 439 nitur
283 403 317 438 in
348 400 648 450 descriptionibus
683 401 811 438 allatis,
850 401 988 449 quippe
1018 411 1099 449 quae
1129 398 1256 436 indica-

162 464 203 489 re
225 454 348 500 potius
380 451 571 495 videntur,
608 462 680 487 non
721 449 837 498 specie
869 460 1030 496 tantum,
1074 447 1133 487 sed
1166 460 1257 498 quo-

131 516 134 517 ’
165 514 238 552 que
270 512 405 549 genere
428 499 573 538 differre
607 501 683 538 haec
716 501 919 538 animantia.
976 500 1101 544 Quare
1130 499 1257 537 eadem

163 555 270 590 etiam
300 564 425 589 revera
450 549 702 597 disjunxerunt
731 551 784 588 alii
816 549 1000 597 Zoologi‚
1043 551 1257 587 nominatim
1297 564 1300 566 ·

162 603 378 640 ERXLEBEN
408 603 445 640 &
476 602 693 645 ΡΕΝΝΑΝΥ,
736 613 895 650 quorum
928 601 985 637 hic
1014 600 1142 637 animal
1185 601 1258 637 Do-

163 652 272 691 &oris
306 653 448 696 SHAW,
486 664 557 689 una
584 664 669 689 cum
693 651 934 699 Tragelapho
960 651 1084 688 PL1N11
1108 650 1145 687 &
1167 651 1259 697 CA11

162 703 209 740 ad
238 703 338 741 Oves
367 703 601 751 delegatum,
642 703 792 739 vocavit
823 704 971 739 bearded
996 701 1123 748 Slzeep,
1151 700 1259 738 deno-

163 755 364 791 minatione
390 753 540 802 quidem
581 762 810 801 repugnante
835 751 871 787 &
899 762 942 786 eo
972 751 1091 786 minus
1116 749 1261 794 idonea,

165 802 267 852 quod
295 802 407 840 barba
431 803 477 840 iili
497 802 628 839 dicitur
650 800 769 839 adesse
797 801 893 838 nulla
912 800 975 836 nisi
995 800 1171 847 mendax,
1193 801 1260 846 cc).

165 853 239 891 Sed
268 852 448 902 quidquid
480 853 546 899 fit,
583 854 719 890 mirum
747 852 819 889 fine
846 850 959 888 dubio
997 852 1131 899 cuique
1164 849 1262 888 vide-

164 903 289 945 bitur,
339 903 440 953 quod
477 905 721 940 narrationem
752 904 846 947 Dzris
879 902 999 938 SHAW
1030 911 1164 949 vagam
1183 901 1262 950 plu-

163 957 212 992 ris
262 951 387 991 fecerit
432 954 585 992 PALLAs
630 964 743 1002 quam
786 950 1064 1000 descriptionem
1106 952 1261 989 Comitis

164 1015 216 1042 DE
256 1003 414 1042 BUFFON
454 1003 706 1049 decidentem,
748 1014 925 1052 quatenus
957 1000 993 1038 ἃ
1017 1013 1177 1047 nomen,
1220 1010 1263 1037 ut

164 1053 282 1102 ajunt,
323 1054 461 1092 triviale
496 1053 533 1091 ὅτ
566 1064 681 1092 totam
712 1055 843 1103 speciei
880 1049 1117 1089 differentiam
1149 1051 1185 1088 &
1209 1062 1262 1088 re-

164 1107 314 1154 gionem
343 1103 406 1144 ubi
433 1105 660 1150 invenietur,
689 1104 726 1141 &
753 1115 871 1148 notas,
898 1102 1032 1152 quibus
1062 1102 1190 1141 melius
1211 1100 1264 1139 di-

165 1153 379 1204 gnoscatur,
405 1154 452 1193 ab
487 1157 550 1193 illa
575 1156 682 1192 unice
707 1152 852 1197 sumsit,
882 1153 977 1190 nulia
1006 1149 1152 1201 prorsus
1185 1152 1264 1189 rati·

165 1218 236 1243 one
264 1205 402 1250 habita,
449 1207 484 1242 in
522 1217 705 1242 cornuum
737 1204 935 1242 direffione
971 1203 1009 1240 &
1043 1200 1163 1239 forma
1196 1200 1264 1239 sese

166 1254 373 1302 offerentis,
408 1255 719 1298 dissimilitudinis,
750 1253 879 1301 cujus,
906 1264 1038 1301 praeter
1072 1252 1155 1294 alia,
1193 1253 1263 1288 haec

166 1307 345 1350 meminit,
376 1317 545 1356 quaeque,
574 1317 635 1343 me
665 1304 816 1354 quidem
842 1303 975 1352 judice,
1004 1300 1079 1350 ejus
1108 1302 1158 1340 est
1187 1313 1266 1339 mo-

167 1358 306 1404 menti,
347 1367 389 1394 ut
428 1356 454 1393 fi
484 1368 557 1394 non
585 1356 631 1393 de
657 1356 728 1393 aiio
763 1366 915 1403 genere,
957 1352 1003 1390 de
1041 1354 1108 1390 alia
1143 1350 1265 1389 saltem

166 1405 282 1457 specie
310 1406 495 1455 cogitandi
524 1405 750 1444 occasionem
777 1405 835 1443 vel
864 1403 940 1441 sola
963 1403 1049 1440 dare
1073 1400 1265 1440 debuisset.

269 1518 364 1571 Quae
390 1519 501 1566 igitur
527 1517 599 1565 jam
628 1516 720 1555 dieta
756 1514 852 1561 sunt,
887 1513 966 1552 satis
996 1514 1264 1565 comprobant,

168 1571 313 1609 Lerwee
337 1567 467 1607 animal
499 1565 571 1605 esse
605 1579 677 1604 non
706 1567 769 1604 nifi
806 1565 921 1604 modo
955 1565 1060 1602 valde
1095 1562 1265 1614 imperfe-

168 1620 228 1659 Εἶτο
256 1619 376 1658 adhuc
405 1621 620 1667 cognitum,
656 1617 694 1654 δε
717 1617 798 1654 licet
823 1615 1061 1666 probabiliter
1093 1615 1189 1652 idem
1224 1625 1266 1652 ac

168 1670 454 1720 Trageiaphum
483 1668 657 1707 Doaoris
684 1669 786 1711 ΚΛΥ,
815 1678 927 1716 atque
941 1666 1032 1704 adeo
1052 1665 1209 1703 {imiliter
1222 1663 1268 1702 ad

169 1721 216 1759 ad
253 1721 355 1760 Oves
389 1718 650 1766 referendum,
679 1721 848 1807 cfibfpro
876 1728 980 1755 certo
1027 1728 1146 1755 tamen
1181 1727 1267 1754 neu-

1167 1777 1267 1804 trum

175 1941 206 1982 Q
245 1895 308 1971 dcc)
346 1893 532 1982 vigs-supra
550 1905 586 1937 p.
618 1895 671 1926 216
693 1892 744 1936 sq.
781 1890 817 1925 &
853 1889 984 1924 Bearded
1020 1890 1133 1935 Sheep,
1164 1890 1265 1923 ΡεΝκ.

206 1950 243 1971 ua
265 1950 290 1976 r,
312 1950 344 1981 p.
369 1950 388 1978 4
445 1949 473 1981 q.
