1877 2625
922 187 1467 236 ssffwssz?

756 286 871 333 Jovis
898 297 1052 332 nomen,
1088 286 1190 335 quod
1221 288 1255 323 in
1282 287 1524 325 Nominativo
1562 286 1599 324 &
1629 287 1745 326 Voca-

656 340 731 375 tivo
760 334 905 373 adscivit
928 338 1029 373 Piter
1055 336 1152 373 idem
1178 348 1220 373 ae
1247 337 1364 384 Johas
1387 338 1595 386 Tyriorum
1622 338 1744 383 Deus,

653 389 715 437 qui
740 400 759 424 a
784 386 920 424 Latinis
943 399 1116 435 corrupte
1141 387 1238 435 Juba
1258 385 1435 433 leribitur,
1458 388 1531 425 vid.
1560 390 1743 437 Kippingii

651 440 806 488 Antiqu.
835 438 943 474 Rom.
972 436 1053 474 Lib.
1084 437 1107 472 l.
1130 450 1158 474 c.
1181 451 1205 475 1.
1231 438 1263 487 ᾗ.
1288 449 1383 475 xxii.
1407 450 1519 488 atque
1544 438 1588 476 fic
1606 450 1743 477 nuncu-

649 499 791 537 patura
819 486 936 537 Lapp.
966 487 1148 536 Jussxmr,
1177 500 1425 533 murmurare,
1452 488 1595 532 sonare,
1620 486 1740 536 frago-

649 550 728 575 rem
762 537 889 584 edere,
919 538 1015 574 uude
1042 538 1078 574 δε
1109 539 1143 574 hi
1170 539 1234 586 ipsi
1272 539 1393 576 Deum
1431 539 1600 585 Jubmal,
1629 539 1741 576 Fenni

647 589 795 635 Jumula
825 589 858 625 h.
887 600 913 624 e.
946 590 1133 625 'I'onantcm
1154 600 1295 625 vocant.
1346 589 1503 636 JUBMA‚
1533 587 1741 634 sonus,fra-

647 649 730 685 gor.
785 639 887 677 ΑΒΒᾸ
924 649 1099 676 wuorsssffi
1140 650 1287 685 JussMA,
1330 641 1432 677 Tota
1468 638 1552 676 filva
1589 637 1738 676 resonat.

647 690 748 726 Suet.
795 689 954 726 reddunt
998 689 1180 727 Auelores
1230 690 1352 727 Lexiei
1402 689 1606 738 Lapponici
1654 688 1738 726 editi

647 738 798 776 Stockh.
832 746 941 785 1780·
996 741 1085 776 Helo
1107 740 1248 786 Skogen
1277 737 1443 785 Ijummar
1470 739 1619 787 (reffius
1636 739 1742 785 Jum·

645 790 751 836 mar).
788 789 886 826 Piter
925 801 1047 826 aurem
1085 789 1130 826 ad
1158 790 1298 827 cultum
1331 790 1498 827 divinum
1538 791 1739 838 exprimen-

644 839 736 876 dum
773 838 937 875 additum
978 839 1169 885 existimo,
1210 839 1526 889 quemadmodum
1562 837 1667 885 etjam
1704 841 1738 876 in

643 886 851 936 Marspiter,
869 889 1070 936 Diespiter,
1088 902 1107 926 a
1122 889 1240 938 Lapp.
1258 890 1474 937 Pirrorm,
1496 889 1644 934 Colere,
1665 889 1738 926 cul-

645 950 684 976 tu
703 936 867 986 religioso
890 937 1070 987 prosequi.
1100 940 1308 987 Jup-piter
1332 940 1443 986 igitur
1467 940 1569 988 (cum
1588 941 1736 987 gemino

643 1000 692 1037 p,
718 1000 861 1027 veteres
898 987 1092 1038 scripsisse,
1137 1001 1181 1027 ex
1215 989 1333 1027 Ennio
1363 990 1480 1027 Varro
1514 988 1648 1037 refert)
1678 991 1737 1027 cui

641 1038 849 1077 horrendos
871 1036 1061 1086 fulgurum
1090 1051 1200 1090 atque
1229 1042 1426 1078 tonitruum
1455 1038 1602 1078 effeetus
1627 1040 1739 1077 tribu-

640 1101 702 1126 ere
719 1087 902 1137 solebant,
928 1089 964 1126 &
987 1101 1118 1138 quem,
1143 1090 1225 1127 ideo
1243 1093 1339 1128 cultu
1361 1091 1529 1139 religioso
1550 1091 1735 1138 proseque-

639 1144 790 1184 bantur,
817 1143 877 1178 vix
896 1140 1038 1177 aliunde
1060 1152 1169 1190 quam
1184 1153 1202 1176 ἀ
1223 1140 1323 1177 dis-,lis
1342 1140 1528 1177 vocabulis
1551 1141 1735 1189 Lapponi-

640 1192 691 1227 cis
719 1202 855 1227 nomen
881 1192 1009 1236 traxit,
1033 1190 1115 1228 licet
1139 1191 1314 1240 posterior
1329 1189 1458 1237 syllaba
1485 1193 1521 1227 in
1549 1191 1734 1238 JUBMEL,

642 1241 803 1277 Tonator
832 1243 998 1289 proprie,
1028 1240 1064 1277 id
1092 1240 1193 1290 quod
1217 1238 1404 1289 saepissime
1431 1240 1560 1279 accidit
1585 1243 1620 1277 in
1636 1253 1734 1277 com·

635 1290 815 1339 positione
854 1291 1072 1328 desideratur
1109 1294 1158 1338 m)
1205 1290 1323 1328 Latini
1359 1303 1432 1328 non
1473 1302 1554 1327 raro
1589 1290 1733 1338 Jovx-:M

633 1339 740 1379 suum
771 1343 959 1379 Tonantem
997 1339 1145 1378 salutant
1172 1340 1208 1377 δε
1234 1342 1376 1378 Patrem
1421 1343 1609 1378 Tonantem
1649 1341 1733 1388 (Pa-

634 1388 693 1428 ter
721 1390 758 1428 &
783 1391 907 1435 Piter,
934 1403 1006 1428 non
1037 1394 1218 1429 immerito
1260 1389 1374 1436 forte,
1401 1389 1556 1440 sequiori
1582 1404 1661 1428 aevo
1707 1393 1733 1429 i-

635 1440 720 1478 dem
763 1440 965 1489 putabant).
1027 1440 1172 1488 Vejovis
1199 1441 1329 1479 dicitur
1357 1454 1378 1478 a
1404 1442 1532 1489 VEJEL
1572 1441 1730 1488 validus,

631 1490 823 1534 robustus,
853 1492 888 1528 h.
916 1504 946 1529 e.
970 1492 1116 1541 Jupiter
1142 1503 1285 1541 potens.
1336 1490 1444 1531 Conf.
1472 1489 1576 1540 supra
1603 1495 1730 1529 Febru-

633 1543 744 1580 arius.
784 1541 939 1591 Jupiter
968 1547 1094 1581 Stator
1119 1555 1139 1580 a
1166 1543 1426 1581 STATTERTET
1461 1539 1566 1581 cursu
1592 1541 1729 1580 defiste-

1688 1605 1729 1631 re

722 1742 768 1780 m)
789 1741 835 1772 Ex
858 1740 968 1773 diversa
992 1741 1121 1775 flexione
1148 1741 1302 1774 detinentis
1326 1740 1483 1779 vocabuli,
1502 1739 1590 1777 ,nihil
1615 1738 1725 1771 sinistre

628 1783 832 1826 iudicandum.
878 1786 1053 1818 Latinorum
1083 1789 1252 1818 terminatio
1286 1785 1429 1827 adjecfiiva
1456 1786 1510 1821 Is,
1546 1786 1724 1827 Lapponum

628 1830 680 1862 El.
707 1831 883 1864 Germanor.
907 1831 1102 1874 Zitchtigung
1134 1834 1163 1864 ὅ(
1196 1834 1319 1864 Suecor.
1358 1830 1476 1862 Tuktan
1513 1829 1616 1863 eadem
1646 1838 1724 1868 v0x;

628 1885 720 1920 quam
743 1878 848 1921 exigua
873 1887 944 1917 vero
967 1879 1075 1911 harum
1099 1876 1265 1912 similitudo
1288 1878 1320 1911 in
1343 1874 1503 1910 defluendo
1513 1877 1534 1916 ἓΑ
