1877 2625
443 199 746 252 ἐὲφῑ
810 200 995 246 «ἐπέξ-

264 303 375 340 Stella
398 314 418 340 a
445 303 620 346 STALLE,
660 302 843 340 PunStum
882 300 1088 339 candidum.
1142 300 1258 339 Nunc

160 352 206 390 de
236 354 383 391 maculis
411 353 523 400 albis,
551 355 605 390 vel
634 352 815 392 Asteriscis
843 355 876 390 in
909 351 1027 389 fronte
1053 364 1185 390 canum
1223 352 1258 390 &

160 415 344 454 equorum
372 404 578 454 usurpatur.
629 404 803 443 German.
830 403 1034 452 Sternkopfi

259 500 380 537 Polus.
427 498 668 548 Lapponibus
711 499 819 537 PALo
854 497 892 535 &
918 498 1082 545 TJUOLD
1127 496 1258 535 dieitur

157 549 289 594 Polus,
318 550 417 587 Suet.
458 551 556 587 Pc‘z'le.
588 550 701 588 Fenn.
744 551 870 593 Paula,
901 549 1100 597 iisdemque
1142 549 1258 586 nomi-

158 598 263 636 nibus
291 599 437 637 Stellam
465 600 629 649 polarem
645 598 925 649 &Cynosuram
943 599 1150 648 designant,
1175 610 1258 649 pro-

158 661 239 699 pter
269 650 574 690 immobilitatem.

258 751 396 790 Almus.
450 751 605 789 Nomen
637 750 778 800 Adjea.
810 750 913 800 quod
940 750 1092 788 Romani
1112 750 1157 788 de
1179 750 1257 788 Diis

156 798 213 837 vel
248 799 359 838 rebus
405 800 577 839 deificatis
617 805 767 851 proprie
806 799 998 845 adhibent,
1029 812 1057 837 e.
1087 811 1125 848 g.
1154 802 1258 838 Alme

155 850 341 898 Jupiter!
373 852 472 888 Alma
499 848 638 897 Maja!
666 855 766 890 Alma
789 854 893 900 pax!
923 850 1019 888 reete
1055 862 1119 899 per
1141 850 1259 887 coele-

155 901 244 938 stem
272 902 489 950 exprimitur
512 915 533 940 a
564 903 683 953 Lapp.
729 904 827 939 Alme
853 901 1009 938 coelum.
1045 901 1095 938 Ita
1120 900 1155 937 &
1178 902 1258 938 Me·

154 950 202 988 dii
226 952 315 989 AEvi
344 951 571 1001 Scriptores,
598 953 732 1002 quibus
759 951 929 1001 frequens
963 952 1012 988 est
1048 963 1120 989 vox
1151 951 1257 988 Almi-

155 1010 210 1039 τας
259 1001 319 1038 vel
356 1002 538 1041 Almities.
606 1002 808 1042 Paschasius
869 1001 1063 1043 Ratbertus
1104 1003 1139 1039 in
1184 1003 1256 1039 vita

153 1051 189 1089 S.
222 1052 407 1090 Adelardi.
461 1051 576 1091 Dives
601 1055 790 1103 progenie3
818 1053 886 1101 sed
921 1053 1034 1089 ditior
1072 1052 1256 1096 almitate,

153 1103 246 1191 qvugis
270 1112 698 1193 Ρᾶἔρέἷὲωενιῖἒῖἕέῒὲ
730 1109 820 1191 {313⁰
825 1104 1010 1192 riffgss'oef
1029 1100 1255 1191 ωὲιῖἐςῖῗ·

153 1215 253 1251 MES,
286 1204 411 1241 Amo
438 1203 558 1254 Lapp.
589 1205 715 1243 dulcis.
759 1205 855 1241 ΛΕΜ
882 1216 1007 1249 verus,
1036 1215 1111 1241 non
1137 1202 1256 1240 fictus.

153 1254 324 1309 Qiaeque
357 1254 488 1291 harum
526 1267 664 1292 vocum
703 1255 804 1293 alteri
838 1267 912 1292 non
944 1252 1180 1292 incommode
1203 1264 1257 1291 ra-

153 1307 291 1344 tionem
314 1302 569 1351 subministrat.

266 1405 379 1443 Deus.
430 1403 677 1454 Lapponibus
716 1405 829 1443 Tm:
859 1406 908 1444 est
939 1404 1103 1447 aduitus,
1143 1402 1256 1440 robu-

152 1454 249 1500 stus,
280 1454 418 1493 viribus
448 1455 590 1505 poliens
620 1455 659 1493 &
685 1456 877 1506 perfectus.
927 1456 1057 1512 inis
1085 1452 1187 1492 facile
1205 1455 1256 1491 vi·

151 1505 235 1550 det,
261 1517 374 1555 quam
403 1505 528 1553 exacte
548 1507 638 1545 *hope
666 1519 801 1544 nomen
836 1508 1029 1544 conveniat
1072 1505 1255 1554 opinioni,

151 1567 265 1605 quam
292 1555 435 1594 barbari
466 1556 503 1594 &
535 1556 646 1597 rudes
674 1557 840 1594 hommes
868 1557 913 1595 de
943 1557 1098 1594 Summo
1129 1565 1254 1591 rerum

150 1607 334 1645 finxerunt
361 1606 623 1653 Moderatore‚
653 1619 765 1656 quem
794 1606 931 1645 nonnisi
959 1619 1002 1644 ex
1039 1605 1189 1643 fulmine
1217 1603 1255 1642 8<

151 1659 288 1696 tonitru
323 1656 402 1695 sunt
437 1655 609 1706 suspicati.
642 1659 739 1696 Hinc
770 1660 880 1706 igitur
917 1657 1134 1695 Graecorum
1160 1660 1255 1702 Ζεύς,

149 1715 228 1748 Θεὸς
254 1707 291 1745 &
321 1708 439 1746 Latin.
481 1708 591 1746 Deus.
646 1709 788 1746 Praestat
824 1709 899 1745 haec
943 1708 1121 1745 derivatio
1157 1706 1202 1744 illi
1233 1717 1256 1744 a

149 1765 250 1805 Θέων,
277 1759 334 1797 vel
361 1764 520 1808 Θεοίομρει,
545 1771 632 1796 cum
658 1761 694 1796 in
728 1758 873 1806 verbo,
914 1757 1015 1808 qnod
1054 1755 1135 1804 jure
1161 1758 1255 1794 inter

150 1814 269 1861 prima
298 1809 502 1857 censeatur,
534 1809 727 1860 profundae
755 1809 847 1848 adeo
888 1806 1149 1855 Philosophiae,
1190 1804 1260 1859 vel¹

150 1860 178 1900 fi
205 1864 321 1903 mavis
347 1862 572 1913 Theologiae
600 1861 748 1911 vestigia
775 1863 836 1900 vix
865 1858 1100 1911 exspefflanda
1125 1858 1201 1897 fint.

1181 1906 1253 1955 Jo-
