1877 2625
885 164 1435 216 &3266ss

616 268 866 317 Magnitudine
893 269 984 304 inter
1015 266 1176 303 Cervum
1211 266 1367 303 Damam
1408 264 1444 301 8<
1480 263 1705 313 Capi-colum

765 317 902 362 media,
929 329 949 353 a
975 315 1057 354 naso
1085 318 1176 353 inter
1203 327 1339 353 cornua
1367 327 1434 364 per
1458 314 1593 351 collum
1623 314 1705 352 dor-

767 366 917 416 sumque
944 366 989 404 ad
1017 379 1128 404 anum
1150 366 1173 402 si
1194 366 1283 403 linea
1305 366 1473 411 ducatur,
1505 365 1707 402 admodum

771 431 788 467 5
814 417 924 467 pedes
954 418 1082 465 longa3
1113 419 1147 454 in
1178 429 1279 465 parte
1303 419 1416 453 antica
1443 429 1463 463 3
1495 415 1603 463 pedes
1634 428 1705 452 non

767 470 896 518 plenos
915 468 1006 513 alta,
1034 471 1069 505 in
1091 469 1225 517 postica
1249 466 1387 516 aliquot
1415 466 1475 515 pol
1493 468 1561 502 ices
1591 466 1705 503 altior.

617 546 725 581 Color
758 544 869 580 totius
899 541 1059 578 animalis
1088 540 1131 576 ad
1160 542 1358 576 maximam
1396 551 1535 586 partem
1568 537 1707 583 fuscus,

770 596 920 630 laterum
955 592 1111 640 collique
1151 590 1273 639 paullo
1331 589 1519 638 pallidior,
1560 589 1708 626 clunium

770 654 1016 680 extremarum
1042 643 1276 690 regionissque
1306 638 1407 689 supi-a
1432 651 1541 676 anum
1571 639 1639 676 litae
1663 641 1708 675 ci·

766 705 876 731 nereo
903 692 1092 735 admistus,
1141 695 1238 738 gulae
1280 689 1475 739 jugulique
1514 690 1627 726 ferme
1672 701 1709 725 0-

768 744 966 787 chraceus,
1007 743 1103 788 tergi
1137 744 1239 778 curvi
1276 739 1494 784 isabellmus,
1534 743 1596 790 qui
1638 739 1708 789 pla·

768 805 854 842 gam
885 792 1019 829 ibidem
1053 803 1226 839 magnam
1263 789 1397 828 format
1435 802 1544 839 atque
1586 790 1708 827 oblon-

769 855 855 891 gam
882 841 940 880 sed
964 840 1131 891 prorsum
1160 841 1276 878 multo
1304 842 1562 889 angustiorem·

617 917 690 955 Pili
712 928 840 954 omnes
869 915 1029 964 appressi
1063 914 1191 952 molles
1222 913 1339 957 nitidi,
1380 916 1413 950 in
1454 914 1569 961 capite
1615 911 1709 949 collo

768 965 1004 1015 interscapilio
1035 965 1190 1013 pedibus
1212 964 1248 1001 &
1277 963 1381 1013 supra
1410 975 1519 1000 anum
1550 961 1709 999 brevissi-

766 1019 832 1061 mi,
865 1019 900 1054 in
918 1016 1089 1053 lateribus
1121 1018 1291 1065 corporis
1320 1017 1502 1063 praecipue
1531 1014 1710 1061 posticum

768 1066 891 1104 versus
940 1064 1170 1114 longiusculi,
1216 1068 1249 1102 in
1280 1068 1371 1113 tergi
1401 1066 1508 1114 plaga
1536 1062 1711 1100 isabellina

768 1118 863 1156 duos
888 1116 977 1167 saepe
1007 1117 1155 1167 pollices
1180 1115 1293 1164 longi.

620 1197 734 1241 Caput
764 1203 933 1235 ovatum,
962 1190 1006 1227 ab
1033 1192 1136 1238 apice
1164 1189 1234 1226 nasi
1263 1189 1308 1225 ad
1335 1200 1473 1225 cornua
1499 1187 1580 1236 plus
1599 1198 1710 1235 quam

767 1255 808 1279 10
844 1242 992 1290 pollices
1038 1240 1210 1287 longum,
1262 1241 1296 1276 in
1327 1238 1448 1275 medio
1476 1239 1711 1274 circumcirca

771 1296 809 1330 16
838 1293 976 1327 circiter
1003 1290 1169 1327 crassum.
1209 1310 1253 1317 —
1290 1288 1449 1335 Rostrum
1484 1287 1711 1336 productum

767 1343 950 1378 conicum.
991 1361 1034 1368 -
1075 1342 1255 1376 Genarum
1293 1350 1376 1386 pars
1422 1341 1558 1379 antica,
1604 1337 1711 1373 latera

770 1392 871 1428 rostri
897 1401 1137 1438 mentumque
1165 1401 1184 1425 e
1212 1387 1353 1426 sordide
1383 1388 1481 1425 luteo
1511 1387 1638 1424 albida.
1668 1406 1712 1414 —

771 1443 891 1479 Frons
920 1441 1096 1489 rostrique
1139 1437 1288 1476 dorsum
1329 1449 1448 1486 usque
1497 1438 1542 1475 ad
1589 1436 1711 1474 nasum

769 1493 902 1529 coloris
940 1491 1046 1528 badii.
1084 1510 1128 1517 —-
1173 1491 1303 1527 Vei-tex
1340 1488 1506 1526 fasciculo
1551 1489 1710 1536 pilorum

768 1541 957 1579 instructus
991 1540 1336 1590 sesquipollicarium
1367 1538 1593 1586 rigidorum‚
1649 1541 1711 1586 qui

769 1595 899 1642 partim
927 1603 947 1627 a
970 1589 1090 1628 fronte
1123 1588 1320 1627 retrorsum
1349 1590 1501 1627 inclinati
1537 1590 1711 1635 nigrican-

770 1655 840 1687 ξας,
869 1644 1001 1689 partim
1029 1640 1075 1678 ab
1103 1643 1257 1690 occipite
1285 1638 1450 1690 prorsum
1475 1639 1596 1676 dire&
1620 1651 1638 1675 e
1655 1651 1711 1675 ru-

770 1692 810 1731 fo
848 1690 951 1735 fusci,
986 1694 1077 1728 inter
1106 1703 1244 1727 cornua
1269 1691 1417 1727 obviam
1446 1690 1538 1727 fiunt
1566 1701 1711 1727 eorum-

769 1755 841 1792 que
868 1743 962 1780 basin
987 1743 1141 1780 anticam
1169 1740 1361 1788 obtegunt.

620 1817 752 1856 Dentes
784 1816 820 1853 δι
843 1816 968 1853 oculos
998 1814 1119 1852 videre
1147 1815 1202 1851 vel
1236 1813 1347 1851 saltim
1391 1816 1596 1851 examinare
1637 1825 1710 1850 non

770 1867 878 1907 Licuit.
905 1884 952 1897 ··-
978 1865 1047 1904 Sed
1067 1865 1167 1914 finus
1198 1866 1391 1902 lacrinmlis
1427 1867 1460 1901 in
1493 1864 1594 1913 pellis
1623 1867 1711 1950 vileta

1612 1926 1656 1951 co
1674 1926 1709 1952 o·
