1877 2625
428 220 972 280 ὣὲ-Γτςειῶεὲι·

138 344 173 371 et
196 331 321 382 plane,
350 344 501 370 examen
538 329 645 372 huius
680 333 835 369 materiae
872 332 1067 372 enarravit,
1105 331 1236 370 institu-

140 396 218 422 tum
246 381 373 419 scilicet
399 394 492 432 aqna
521 394 555 420 et
579 386 682 430 igne,
707 382 1001 428 fermentatione,
1024 395 1110 420 cum
1135 394 1238 419 men-

141 435 244 472 struis
270 436 395 477 variis,
420 446 459 471 Ut
476 434 609 481 Spiritu
640 434 745 479 Vini,
771 435 889 479 Oleis,
909 435 1053 483 Hepate
1082 431 1239 482 Sulphu-

140 487 207 527 ris,
244 484 392 531 Acidis,
437 484 609 527 Alkaliis,
652 484 815 525 Salibus,
857 486 970 522 immo
1010 481 1117 530 etjam
1153 494 1241 520 cum

141 534 380 574 Mineralibus
410 533 649 584 quibusdam,
680 547 718 571 ut
751 534 877 578 Caice,
903 535 1114 582 Magnefio,
1146 530 1242 570 Arse·

142 587 224 622 nico
251 585 335 621 albo
365 596 399 622 et
424 583 658 632 sulphurato,
688 585 843 622 indicans
869 585 969 622 simul
1001 586 1193 622 tentamina
1223 593 1245 620 a

142 633 175 672 se
204 633 294 673 faeta
327 647 366 671 ut
395 636 628 682 pigmentum
664 635 827 672 indicum
864 638 947 672 artis
990 648 1061 684 ope
1096 645 1248 682 compo-

143 697 263 727 neret,
292 697 372 734 quae
399 685 479 722 lieet
507 688 601 722 votis
628 683 702 731 ejus
725 698 798 722 non
823 688 971 722 omnino
997 684 1247 727 satisfecerint,

145 747 223 772 rem
252 747 372 773 tamen
402 737 493 772 inter
522 748 607 781 eas,
638 747 718 784 quse
756 735 833 772 fieri
863 733 1009 784 prorsus
1039 743 1247 783 nequeunt,

146 798 220 823 non
248 785 319 822 esse
349 783 584 831 abjiciendam
626 786 883 828 ostenderunt,
922 785 1059 822 addidit
1092 785 1250 832 denique

147 838 283 872 monita
311 835 478 883 quaedam
507 834 689 871 utilissima
718 836 811 870 circa
831 835 1027 871 methodos
1046 831 1108 870 usu
1131 844 1251 882 recep·

148 897 204 923 tos
233 885 278 922 ab
308 886 382 930 his,
413 887 474 934 qui
496 885 690 932 Pigmento
714 884 836 922 Indico
863 884 1036 932 tingendo
1061 894 1226 921 utuntur.

252 986 386 1022 Virum
416 995 468 1022 tot
502 983 789 1022 inclarescentem
830 987 990 1028 meritis,
1023 984 1181 1022 veritatis
1217 984 1254 1020 in

152 1038 316 1086 apricum
341 1034 566 1083 proferendae
592 1048 635 1072 eo
661 1047 777 1084 usque
794 1035 1008 1077 studiosum,
1037 1047 1071 1072 et
1097 1037 1132 1072 in
1155 1045 1255 1077 com-

153 1086 399 1133 municandis,
430 1097 510 1135 quae
551 1085 736 1123 detexerat
775 1086 866 1123 adeo
902 1085 1064 1127 facilem,
1093 1094 1258 1133 pronum

155 1149 190 1174 et
223 1137 396 1177 alacrem,
424 1148 497 1172 non
525 1138 660 1183 privati
692 1136 806 1173 modo
835 1137 1024 1181 homines,
1050 1133 1110 1173 sed
1139 1135 1259 1172 Socie-

157 1199 247 1225 tates
277 1189 435 1222 maxime
460 1186 607 1222 illustres
630 1188 783 1235 propius
808 1186 868 1222 sibi
894 1186 1076 1224 devincire
1103 1184 1260 1222 niteban-

157 1250 226 1276 tur.
256 1237 454 1274 Testantur
483 1236 572 1280 hoc,
601 1247 682 1284 quae
710 1238 743 1272 in
773 1236 993 1274 Bibliotheca
1021 1235 1261 1277 Academica,

157 1298 373 1337 comparent
399 1286 555 1322 litterarii
585 1287 813 1327 commercii,
842 1285 946 1322 Illum
975 1287 1066 1322 inter
1091 1297 1125 1322 et
1145 1282 1262 1320 erudi·

160 1337 316 1376 tisfimos
342 1337 376 1372 in
405 1337 534 1384 patria.
561 1337 594 1371 in
619 1336 753 1378 Dania,
780 1335 926 1377 Russia,
951 1334 1264 1380 Polonia,Unga·

160 1390 234 1430 ria,
255 1387 471 1431 Germania,
502 1385 640 1426 Gallia,
677 1384 811 1431 Anglia
840 1396 874 1421 et
901 1384 997 1421 ltalia
1026 1384 1154 1427 Viros,
1189 1383 1266 1419 Vo-

161 1439 296 1476 lumina
324 1437 411 1484 Sex,
438 1434 569 1471 referta
596 1447 670 1471 non
703 1436 823 1472 minus
863 1436 996 1471 notitiis
1033 1446 1068 1471 et
1103 1433 1265 1483 quaestio-

163 1487 271 1527 nibus
300 1488 395 1522 circa
429 1487 628 1522 recentiora
652 1486 687 1521 in
715 1497 754 1521 re
782 1485 952 1533 physica,
978 1485 1141 1521 chemica
1171 1496 1206 1521 et
1229 1495 1267 1520 0-

163 1537 449 1586 ryetographica
475 1537 638 1580 inventa,
666 1546 777 1584 quam
809 1535 888 1571 fidei
916 1547 950 1571 et
966 1535 1205 1571 venerationis
1220 1534 1269 1569 in-

165 1600 296 1637 genuae
325 1589 358 1623 in
387 1586 606 1623 Chemicum
636 1583 875 1632 upsallensem
904 1584 1040 1623 indiciis
1067 1585 1176 1632 longe
1198 1594 1272 1620 ma-

166 1637 408 1676 nifestisfimis.
461 1636 580 1673 Docet
612 1635 708 1673 idem
735 1647 910 1674 numerus
933 1635 1214 1673 Academiarum
1236 1644 1271 1671 et

167 1689 413 1734 societatum,
436 1697 532 1736 quae,
553 1697 592 1722 ut
610 1688 771 1735 primum
789 1688 986 1735 unicuique
1005 1685 1158 1734 praefixae
1173 1684 1271 1732 leges

170 1740 440 1787 permitterent,
464 1737 756 1774 BERGMANNUM
786 1735 923 1775 socium
950 1735 1012 1773 fibi
1042 1734 1272 1782 adoptarunt.

171 1789 312 1826 Fertilis
328 1800 460 1837 nempe
482 1789 614 1835 ingen-ii
632 1798 667 1824 et
682 1789 861 1835 perpetim
881 1787 1109 1835 properantis
1126 1785 1274 1830 diligen·

174 1841 229 1877 tiae
248 1838 387 1875 fruetus
409 1839 628 1886 gratisfirnos
644 1838 762 1874 multo
786 1848 889 1874 antea
909 1838 1104 1884 collegerat
1127 1836 1167 1872 R.
1180 1836 1275 1872 Aca·

175 1890 293 1929 demia
320 1889 449 1925 Scient.
467 1888 615 1927 Stockh.
641 1889 684 1925 R.
709 1888 867 1925 Societas
894 1885 1275 1926 Londin.Acaderniae

227 1950 319 1978 vot„
346 1949 419 1977 vn.
708 1938 734 1975 B
750 1936 774 1975 b
789 1937 813 1976 b
1207 1936 1276 1972 Im-
