1877 2625
421 203 965 258 &eta-27³&

141 315 202 343 nas
229 302 408 356 supplevit
436 305 509 352 his,
536 306 671 356 quibus
698 319 757 345 eas
784 304 940 345 adeundi
974 303 1114 344 occasio
1138 304 1237 344 dees⁴

139 354 207 399 set,
227 360 521 404 peregrinaturos
545 369 634 395 vero
662 358 724 396 fidi
748 358 853 395 instar
876 357 981 393 amici
1000 355 1139 402 docuit,
1155 367 1237 405 quae

138 405 301 455 quolibet
317 408 398 445 loco
419 407 647 455 anquirendae
672 420 706 446 et
734 405 998 447 confiderandae
1026 404 1140 443 essent
1166 407 1238 444 Mi-

137 468 242 493 nerae.
283 457 457 506 Jucundo
483 457 575 506 hoc,
604 470 676 495 non
705 460 839 502 minus,
853 468 964 507 quam
983 454 1237 506 perutili,spe-

137 506 278 544 &acuto
303 509 442 544 excitati
470 505 631 557 discipuli
652 519 688 546 et
711 507 866 557 hospites
891 510 925 544 in
945 508 1101 543 vicinam
1120 517 1237 543 came-

136 567 216 593 ram
232 556 505 596 deducebantur
525 560 619 607 typis
639 559 889 596 machinarum
912 556 1136 601 instructam,
1155 567 1239 605 quac

135 607 172 643 in
198 607 432 645 Metallorum
468 607 708 657 eliquatione,
748 609 940 657 Sulphuris
973 617 1008 644 et
1053 606 1236 643 Aluminis

135 655 384 706 confectione,
427 658 644 696 Fistularum
673 670 708 696 et
734 657 916 696 vasorum
942 656 1106 695 fifi'tilium
1133 655 1238 693 sabri-

135 708 296 751 catione,
326 711 361 745 in
389 708 622 757 praeparanda
649 708 815 756 Fuligine
844 708 965 754 taedae‚
996 708 1032 743 in
1059 706 1235 744 Cinctum

134 757 402 795 clavellatorum
431 757 669 805 depuratione
701 758 770 796 ἃς.
797 758 959 795 adhiberi
994 755 1123 800 solent,
1153 755 1236 794 affa-

134 806 198 843 bre
226 806 324 845 faffls
351 808 395 845 ad
424 806 550 844 scalam
569 807 718 845 eandem
739 808 909 855 singulis,
935 817 970 843 et
992 817 1078 842 eum
1099 808 1134 842 in
1157 817 1237 843 mo-

134 856 223 894 dum
251 858 370 906 pictis,
408 869 449 894 ut
476 857 522 894 ad
549 858 698 895 oculum
726 870 799 895 non
828 857 943 895 modo
970 857 1126 893 invicem
1153 867 1238 893 con·

133 907 216 944 ferri
238 906 401 956 possent,
418 906 473 944 sed
498 919 532 943 et
553 906 654 944 facile
673 908 951 955 distingueretur
970 906 1059 955 quid
1076 908 1236 952 granste,

135 957 222 1006 quid
252 959 386 1005 latere,
417 956 538 1003 ferro,
571 958 697 1005 ligno,
726 959 760 994 in
791 958 991 1005 archetypo
1017 955 1155 993 factum
1183 967 1235 992 es-

133 1007 198 1051 set,
229 1007 330 1057 quod
369 1007 414 1044 ad
444 1019 561 1056 partes
599 1010 760 1056 potiores
785 1008 830 1045 de
857 1017 976 1045 cetero
1004 1004 1234 1050 solubilibus,

133 1069 207 1107 quo
237 1060 386 1095 interior
414 1057 589 1094 structura
621 1060 769 1094 intuenti
796 1057 1028 1107 panderetur.
1085 1056 1236 1105 Separa-

133 1111 196 1146 tim
225 1108 355 1146 eodem
382 1108 464 1145 loco
494 1111 528 1144 in
557 1108 645 1145 vafis
680 1109 801 1145 vitreis
835 1106 1144 1156 conspiciebantur
1176 1107 1235 1143 Sa·

131 1158 221 1195 lium
240 1157 422 1206 Crystalli,
448 1169 633 1208 quotquot
656 1158 792 1195 diutius
814 1156 941 1195 servari
968 1155 1137 1205 possunt,
1161 1168 1233 1194 una

132 1220 217 1246 cum
242 1211 446 1257 praeparatis
472 1207 643 1245 chemicis
661 1207 893 1245 Laboratorii
913 1207 1124 1244 Academici
1144 1218 1232 1255 prae-

131 1258 372 1296 stantioribus.
436 1259 549 1304 Haec,
589 1270 669 1306 quae
699 1257 846 1296 scienter
881 1257 972 1294 adeo
1003 1257 1235 1296 ordinaverat

128 1309 343 1351 BERGMAN‚
359 1308 528 1345 fidisiima
552 1307 713 1345 custodia
739 1310 933 1353 continuit,
956 1318 991 1343 et
1014 1306 1142 1343 sollerti
1171 1308 1237 1342 cir-

128 1357 420 1406 cumspeffione‚
441 1361 661 1399 amicorum,
691 1369 764 1394 non
794 1359 828 1393 in
845 1358 971 1394 Svecia
993 1367 1154 1401 tantum,
1175 1354 1235 1393 sed

127 1420 194 1459 per
222 1409 415 1455 Europam
446 1419 591 1444 omnem
614 1406 741 1444 officiis
770 1405 927 1449 suffulta,
960 1405 1030 1442 fine
1057 1405 1139 1449 ulla,
1174 1404 1233 1442 vel

127 1458 351 1502 Academici,
379 1458 433 1494 vel
462 1457 597 1507 publici
620 1455 690 1493 fisci
719 1454 974 1506 impensa,per
1001 1468 1115 1492 annos
1138 1466 1233 1492 xvu.

127 1511 176 1545 ita
203 1507 462 1557 amplificavit,
489 1519 529 1544 ut
558 1506 658 1555 quod
685 1509 721 1543 in
751 1507 818 1544 hac
846 1517 948 1555 parte
971 1508 1131 1542 muneris
1154 1506 1232 1542 imi-

127 1569 250 1595 tentur
289 1556 518 1595 Successores
564 1557 772 1606 exemplum
802 1557 963 1604 pulcrius
1006 1556 1146 1593 nullum
1185 1557 1232 1592 in-

128 1610 271 1649 venturi
299 1608 375 1645 sint.
427 1608 490 1646 Ad
519 1620 558 1644 ea
573 1619 683 1654 vero,
700 1619 780 1656 quae
798 1609 834 1644 in
851 1617 1093 1654 augmentum
1114 1607 1234 1644 Scien-

128 1661 205 1704 tiae,
241 1670 353 1707 quam
382 1658 650 1706 profitebatur,
691 1656 861 1707 suscepit,
899 1659 1047 1694 tentavit
1086 1667 1121 1693 et
1152 1667 1231 1705 per-

127 1710 229 1755 fecit,
259 1709 284 1745 fi
325 1719 484 1745 mentem
521 1706 608 1745 serio
638 1708 872 1749 adverterint,
904 1706 1060 1744 dubitari
1087 1706 1228 1756 potest,

127 1772 172 1797 an
204 1761 438 1795 veneratione
469 1770 503 1796 et
534 1758 769 1795 admiratione
795 1755 942 1804 majori,
974 1768 1085 1806 quam
1116 1767 1226 1793 aemu-

126 1808 222 1848 laudi
250 1809 494 1846 honestissimo
532 1807 703 1845 desiderio
734 1809 794 1845 ista
833 1819 996 1857 unquam
1036 1806 1101 1843 sint
1141 1817 1226 1842 con·

128 1858 346 1907 templaturi.
398 1859 543 1897 Nostrae
570 1870 666 1896 cette
698 1858 910 1908 scriptionis
939 1856 1163 1906 angustiores
1188 1855 1226 1892 li-

180 1920 267 1949 VOL.
296 1919 367 1949 vir.
688 1909 779 1948 Aaa
1155 1909 1221 1945 mi-
