1877 2625
869 164 1054 213 &ss
1137 165 1206 213 146
1283 162 1468 210 Q

923 256 1402 319 TELLINAE

834 370 988 405 TRES
1021 368 1197 404 NOVAE
1232 366 1497 402 SPECIES

1024 447 1304 478 DESCRIPTAE

1154 540 1181 563 A

801 603 1014 644 CAROLO
1037 602 1211 642 PETRO
1237 600 1543 641 THUNBERG‚

703 737 724 761 x
752 725 946 762 innumeris
975 723 1156 760 vastissimi
1191 723 1325 760 Oceani
1352 720 1496 764 incolis,
1536 719 1710 758 Testacea

728 774 924 819 Animalia,
954 773 1003 810 ob
1033 774 1244 820 elegantiam
1273 772 1441 810 colorum
1471 770 1508 807 &
1534 770 1711 807 admiran-

633 824 717 861 dam
745 824 985 870 strufi'curam,
1026 820 1266 860 Curiosorum
1293 824 1328 858 in
1358 820 1391 858 se
1420 822 1598 869 imprimis
1630 818 1710 855 alle-

633 884 764 910 xerunt
805 874 1047 910 attentionem.
1128 872 1219 908 Haec
1259 873 1377 914 enirn,
1421 882 1494 907 tam
1527 869 1712 912 Conehae,

634 934 745 970 quam
773 922 959 966 Cochleae,
998 922 1196 959 Domiciliis
1220 919 1559 968 calcareo-lapideis
1589 918 1713 955 instru-

632 972 720 1017 &ae‚
743 969 867 1021 saepius
895 971 1127 1011 locomotivae
1148 1000 1159 1017 ,
1197 972 1232 1007 in
1273 969 1454 1019 splendida
1492 969 1713 1016 Magnatum

632 1019 786 1066 Musaea,
813 1033 886 1059 non
913 1021 984 1058 sine
1006 1019 1124 1057 sumtu
1149 1020 1292 1067 insigni,
1325 1019 1486 1068 undique
1515 1027 1714 1065 congrega-

634 1082 678 1108 tae
705 1070 740 1107 8(
775 1070 820 1108 ad
849 1071 1120 1108 ostentationem
1148 1067 1380 1114 conservatae,
1417 1081 1437 1105 a
1466 1068 1579 1118 longo
1615 1077 1711 1105 retro

635 1131 818 1170 tempore,
842 1120 1036 1168 Zoologiae
1065 1119 1238 1158 Studiosis
1264 1121 1511 1157 innotuerunt.

736 1219 889 1259 Veteres
931 1222 1053 1270 itaque
1087 1219 1270 1259 AuE‘tores
1313 1219 1471 1264 horum,
1506 1229 1603 1255 certe
1641 1226 1714 1253 non

635 1281 862 1320 paucorum,
892 1273 1160 1318 meminerunt3
1209 1271 1424 1307 recentiores
1453 1267 1573 1317 plures
1608 1268 1715 1303 etiam

635 1332 710 1357 non
733 1319 847 1356 modo
875 1319 1150 1368 deseripserunt,
1175 1331 1304 1356 verum
1329 1316 1435 1365 etjam
1463 1315 1627 1354 iconibus
1655 1327 1715 1352 va-

634 1371 690 1406 r10
720 1368 880 1407 successu
907 1369 1077 1406 illustrare
1103 1372 1220 1407 conati
1245 1368 1333 1406 sunt.
1393 1368 1425 1405 Is
1449 1378 1567 1404 tamen
1596 1367 1715 1403 honos

634 1420 804 1468 proxime
834 1421 1013 1468 praeterito
1042 1419 1192 1462 Seculo,
1233 1430 1286 1456 tot
1314 1419 1445 1455 artium
1477 1416 1715 1454 scientiarum-

636 1479 709 1515 que
736 1466 906 1505 foecundo
935 1470 1044 1506 Matri
1071 1470 1232 1517 Inprimis
1267 1467 1441 1510 debetur,
1471 1465 1573 1516 quod
1597 1465 1641 1502 ad
1667 1468 1716 1502 in-

635 1518 755 1564 figne,
780 1517 804 1553 fi
836 1530 907 1554 non
936 1516 1117 1554 summum
1144 1516 1324 1566 fastigium
1356 1517 1474 1555 evcfita
1503 1517 1610 1553 fuerit
1645 1515 1717 1552 Sei-

635 1569 729 1603 entia
755 1566 800 1603 de
820 1566 1012 1604 Vermium
1053 1568 1387 1615 polymorphorum
1424 1565 1564 1611 Classe3
1601 1563 1718 1614 quod-

635 1626 710 1702 ?ue
743 1628 816 1653 non
845 1616 958 1653 modo
988 1617 1163 1654 Testaeea
1191 1628 1293 1654 antea
1324 1618 1469 1664 cognita
1498 1615 1627 1652 melius
1657 1613 1716 1651 de-

650 1667 764 1714 cripta
795 1664 832 1701 &
858 1665 1041 1702 coloribus
1074 1668 1165 1702 vivis
1196 1665 1311 1714 pffita,
1351 1678 1479 1703 verum
1507 1677 1611 1702 novae
1645 1662 1720 1713 spe·

636 1717 730 1760 cies,
769 1717 903 1762 ingenti
933 1727 1085 1752 numero
1111 1728 1130 1752 e
1157 1715 1282 1753 dissitis
1306 1715 1343 1752 &
1374 1727 1547 1763 magnam
1576 1725 1719 1761 partem

635 1776 739 1802 antea
764 1767 899 1811 ignotis
940 1764 1048 1802 Orbis
1094 1768 1270 1815 terraquei
1320 1765 1530 1813 regionibus
1570 1763 1718 1802 detefjoe

638 1813 676 1851 81
702 1816 737 1851 in
766 1814 955 1865 Europam
987 1816 1096 1852 allatae
1124 1814 1256 1852 fuerint
1339 1816 1435 1852 Inter
1465 1812 1615 1864 pretiosa
1661 1813 1718 1851 illa

638 1863 779 1911 Opera,
811 1876 892 1915 quae
919 1866 1009 1902 hanc
1038 1866 1226 1903 Scientiam
1252 1863 1433 1914 speeiant,
1457 1867 1611 1903 maxime
1633 1865 1718 1902 emi-

639 1925 700 1952 net
721 1913 827 1960 illud,
871 1914 975 1964 quod
1001 1918 1186 1966 inceptum
1214 1928 1235 1954 a
1262 1914 1503 1955 laudatissimo
1532 1916 1718 1960 MARTuv,

1633 1975 1718 2003 con-
