1877 2625
827 180 1374 230 &3538ssss

563 283 733 333 refragari
762 281 876 319 noluit
909 281 1048 323 amieo,
1078 281 1139 328 qui
1168 277 1414 328 percelebrem
1436 276 1659 324 Sciagraphi-

566 347 616 372 am
658 333 767 378 Regni
808 331 998 367 Miner-alis
1030 329 1232 366 Dessauviae
1260 341 1279 365 a
1307 338 1562 364 MDCCLxxxu.
1592 328 1662 373 pri·

566 395 670 422 mum
709 380 829 418 edidit.
912 380 1100 417 Florentiae
1136 391 1171 416 et
1206 378 1361 416 Londini
1397 377 1529 426 prodiit
1567 388 1660 412 anno

567 433 747 482 sequenti,
773 442 865 479 quas
897 430 1071 466 editiones
1095 431 1166 465 cito
1194 427 1356 466 insecutae
1379 426 1455 465 sunt
1481 426 1661 462 versiones

567 487 604 521 in
631 483 793 529 linguam
833 480 1026 527 Anglicam
1056 480 1312 517 WiTHEmNGr
1347 489 1381 515 et
1418 479 1453 515 in
1488 477 1664 514 Gillicam

568 544 656 570 cum
699 533 792 568 notis
825 531 1027 577 interpretis
1068 530 1242 566 MONGEZ
1285 527 1447 574 junioris.
1510 526 1560 562 Ut
1593 523 1664 574 ipse

569 583 694 620 titulus
724 580 855 617 indicat
882 581 1006 628 primis
1040 590 1179 615 tantum
1215 579 1313 615 lineis
1344 579 1422 615 heic
1450 575 1666 614 exhibentur

571 644 665 671 notae
700 632 890 680 praecipuae
925 629 1125 675 classium,
1164 640 1253 677 quas
1285 626 1504 664 formaverat
1546 626 1669 663 BERG·

573 694 682 725 MAN,
741 683 877 717 ratione
919 679 1037 716 habita
1091 680 1252 728 quinque
1300 678 1513 726 simplicium
1563 686 1670 712 terra-

574 743 677 774 rum,
706 741 818 779 prout
847 730 975 766 barum
1013 729 1181 778 quaelibet
1208 740 1269 765 aut
1311 727 1399 772 sola,
1440 725 1672 774 eompofitio-

575 793 660 819 nem
693 779 876 830 quandam
914 779 1155 826 ingrediatur,
1185 791 1247 815 aut
1281 790 1421 826 partem
1455 775 1529 824 ejus
1557 775 1672 812 domi·

575 841 719 868 nantem
758 830 958 865 constituat.
996 828 1264 865 Subdivisiones
1289 828 1461 864 Classium
1493 824 1671 872 majorez,

577 881 795 918 mixtionum
819 889 853 913 et
877 876 1174 923 conjunfi‘tionum
1201 876 1426 913 differentem
1456 886 1672 921 numerum,

580 930 813 980 quantitatem
852 939 886 963 et
913 927 1072 963 indolem
1105 923 1358 975 respiciebant,
1397 929 1555 963 minores
1585 935 1673 961 vero

578 990 724 1017 externa
751 976 918 1026 qualitate
939 976 1074 1014 eoloris
1102 988 1138 1014 et
1161 989 1299 1013 tethra
1323 975 1536 1013 nitebantur.
1580 976 1676 1011 Fun-

578 1030 745 1068 damenta
770 1025 948 1064 condendi
979 1026 1175 1074 Systenmtis
1208 1026 1391 1066 Fossilium
1425 1026 1612 1062 Naturalis
1637 1036 1676 1061 u·

577 1079 703 1116 bet-ius
737 1076 818 1113 dein
858 1079 892 1113 in
934 1076 1130 1113 Volumine
1172 1076 1235 1112 IV.
1263 1076 1390 1113 Auor.
1418 1073 1537 1125 Upffil.
1567 1086 1677 1122 expo—

580 1128 672 1174 suit,
701 1126 926 1176 firmiterque
961 1126 1058 1175 apud
1087 1128 1249 1162 animum
1284 1126 1452 1163 statuerat
1487 1124 1679 1163 Mineralo-

583 1181 683 1228 giam
711 1178 852 1214 Svetice
882 1176 988 1213 edere
1015 1174 1211 1213 secundum
1241 1178 1415 1225 principia
1441 1177 1610 1224 proxima
1629 1174 1680 1210 di-

584 1230 734 1276 gestam.
789 1226 917 1277 Quum
946 1238 1034 1262 vero
1063 1227 1176 1262 multa
1215 1238 1317 1262 antea
1344 1224 1457 1262 essent
1495 1225 1540 1262 ad
1580 1224 1680 1273 liqui-

585 1278 677 1315 dum
704 1275 959 1324 perducenda,
990 1287 1100 1324 quam
1135 1287 1264 1312 manus
1292 1275 1356 1322 ipfi
1386 1277 1487 1324 operi
1510 1274 1680 1311 admove-

585 1337 710 1368 retur,
740 1323 933 1374 discipulos
960 1336 995 1362 et
1031 1327 1168 1361 amicos
1205 1325 1440 1372 hortabatur,
1470 1337 1511 1362 ut
1540 1327 1683 1372 incepta

586 1389 608 1415 a
636 1374 670 1413 se
700 1377 891 1412 tentamina
919 1376 1192 1419 continuarent,
1219 1372 1295 1423 Ipse
1319 1375 1551 1412 nihilominus
1570 1374 1615 1411 de
1634 1372 1683 1410 so-

587 1427 648 1464 lita
675 1427 710 1462 in
734 1437 861 1462 natura
883 1424 1076 1462 Fosfilium
1104 1424 1377 1473 pervestiganda
1403 1424 1605 1461 assiduitate
1636 1425 1684 1460 ni—

588 1476 637 1514 hil
670 1477 878 1520 remittens,
907 1474 1222 1523 quemadmodum
1245 1474 1349 1522 etjam
1366 1475 1580 1522 diligenter,
1603 1485 1685 1523 quae

589 1526 802 1574 ubieunque
837 1525 1003 1561 locorum
1043 1524 1330 1572 detegebantur,
1368 1536 1575 1572 vcorporum
1605 1536 1688 1571 pro·

591 1578 760 1624 prietates
791 1577 825 1611 in
860 1572 919 1611 sua
951 1573 1149 1612 adversaria
1190 1574 1377 1612 referebat.
1438 1575 1561 1626 Quam
1599 1573 1688 1611 serio

591 1627 669 1663 haee
696 1627 810 1672 egerit
837 1635 872 1663 et
897 1636 1074 1673 quantum
1107 1637 1211 1661 novae
1244 1626 1332 1662 lucis
1361 1625 1442 1663 inde
1472 1624 1686 1674 sperandum

593 1673 682 1711 esset
710 1673 900 1710 ostendunt
928 1676 1199 1721 Observationes
1223 1677 1482 1723 mineralogicae
1507 1679 1546 1711 de
1572 1676 1686 1712 Terra

592 1723 788 1773 ponderosa
816 1725 937 1760 nativa
966 1725 999 1759 in
1019 1726 1131 1760 scotia
1163 1734 1306 1772 reperta
1334 1734 1369 1762 et
1395 1727 1493 1762 acido
1523 1733 1625 1762 aereo
1653 1739 1688 1762 u-

595 1774 689 1815 nita,
708 1777 746 1809 de
770 1773 1047 1820 Stangergspatlzo
1066 1773 1335 1821 Freybergenfi,
1364 1775 1464 1823 quod
1483 1786 1612 1812 verum
1635 1786 1688 1811 es-

596 1823 630 1861 se
652 1822 833 1873 Spathum
858 1821 1105 1873 ponderosum
1128 1823 1489 1874 deprehendebatur,
1510 1830 1551 1864 de
1567 1825 1691 1874 Argil—

1655 1880 1690 1914 la
