1877 2625
430 213 985 267 ξι-ΰῑόενέὲ·

156 313 195 351 δτ
222 315 268 351 Η.
299 324 440 363 reperta
469 313 504 351 ὃς
531 313 652 354 adhue
676 313 800 352 tenella
826 314 1064 363 quaternatim
1095 322 1250 351 connata

153 362 259 401 sunt:
287 366 334 402 ita
361 376 493 413 nempe
522 376 560 401 ut
590 366 781 403 tenerrima
816 364 916 413 quasi
942 364 1027 401 testa
1065 363 1250 402 includan-

155 426 216 453 tur
243 415 307 463 fig.
336 416 382 458 1.,
410 412 602 461 majuscula
631 417 771 453 tanturn
807 417 842 451 in
877 414 1000 451 medio
1033 414 1250 452 connectan-

156 477 215 503 tur
243 468 294 503 uti
318 465 381 513 fig.
425 467 483 512 K,
505 465 601 502 unde
639 464 740 503 facile
779 462 986 514 separantur
1018 462 1085 501 sub,
1119 466 1250 501 eximia

155 515 275 554 forma
300 516 362 564 sig.
397 517 437 552 L.
491 515 612 562 Hujus
647 517 882 554 connexionis
924 513 1107 565 superstita
1151 515 1252 552 vesti-

155 569 214 615 gia
242 565 312 604 esse
352 567 431 604 istas
465 567 604 604 areolas
632 579 751 604 ternas
790 564 966 604 seminum
1006 566 1252 612 aduldorum,

156 617 286 655 exinde
313 629 379 667 per
419 615 453 654 se
496 618 714 667 intelligitur.
741 637 788 647 -
826 618 1057 654 Seminula
1090 616 1252 653 farina-

156 680 234 705 cea
266 666 405 705 fruRus
444 667 590 705 alterius
625 670 769 716 generis
806 667 951 704 easdem
990 666 1064 704 fere
1101 665 1255 704 subeunt

157 721 397 756 mutationes:
424 716 491 754 scil.
521 721 687 766 praeteriti
719 719 800 754 anni
830 731 851 755 e
875 716 1025 766 capsulis
1054 728 1255 766 erumpunt

158 767 430 814 cinerascentia3
472 766 651 816 praesentis
688 770 771 805 anni
810 766 958 805 succum
985 767 1141 805 lafiteum
1169 765 1256 803 refe-

157 831 264 865 runt,
293 819 331 856 δε
358 820 513 867 penitius
541 822 744 856 examinata
780 819 951 857 nucleum
983 818 1154 856 exhibent
1175 817 1257 866 (fig.

161 873 240 918 S.)3
270 867 512 918 subsequentis
540 872 621 907 anni
650 872 684 907 in
712 867 819 907 succo
849 869 996 918 hyalino
1018 867 1091 906 folii
1119 869 1181 918 fig.
1212 883 1257 904 m.

157 920 288 962 latent,
313 931 519 969 eorumque
547 923 740 958 tenerrima
779 919 952 957 veliculas
993 920 1168 969 fimplices
1194 918 1260 966 fig.

159 971 216 1009 N.
240 968 418 1012 referunt,
464 971 586 1019 paullo
619 983 707 1008 vero
744 970 939 1019 grandiora
979 971 1258 1020 quadrigemina

161 1021 235 1058 esse
275 1023 520 1070 reperiuntur,
546 1024 595 1058 uti
624 1021 795 1059 exhibent
821 1021 912 1069 figg.
942 1022 1041 1058 (212.
1071 1023 1115 1072 Q.
1144 1022 1184 1058 R.
1215 1039 1261 1047 —-

161 1072 288 1121 Itaque
312 1072 578 1108 accuratisfime
618 1074 820 1109 examinata
852 1070 1026 1109 Omnibus
1061 1073 1259 1120 proprieta-

162 1123 259 1160 tibus
303 1124 527 1159 conveniunt
561 1120 732 1160 seminula
753 1121 931 1160 farInacea
958 1122 997 1160 δε
1022 1120 1153 1158 semina
1179 1132 1263 1169 gra·

164 1171 398 1218 nuliformia‚
437 1170 510 1210 sola
547 1185 699 1222 excepta
728 1172 989 1220 magnitudine.
1045 1173 1144 1209 Hinc
1183 1171 1261 1208 fieri

161 1220 269 1273 posse
307 1233 509 1270 negamus,
555 1234 595 1260 ut
641 1224 697 1261 illa
736 1223 803 1260 sint
844 1222 967 1272 pollen
999 1220 1261 1263 masculinum,

162 1275 241 1312 haec
276 1285 362 1311 vera
390 1271 533 1315 semina,
565 1276 616 1311 uti
644 1287 732 1312 cum
754 1274 829 1311 aliis
855 1272 1003 1310 exhibet
1029 1270 1264 1321 Sprengel

164 1326 200 1362 in
230 1324 371 1362 Anleit.
402 1336 474 1361 zur
502 1325 743 1374 Kryptogam.
773 1335 856 1374 pag.
886 1327 985 1370 196.;
1021 1323 1058 1361 &
1086 1335 1154 1372 pro
1189 1334 1264 1361 cer-

165 1386 204 1413 to
234 1375 480 1424 postulamus,
505 1387 660 1425 Utraque
686 1373 758 1412 esse
789 1373 923 1412 semina
948 1373 1095 1411 diversae
1124 1384 1266 1411 tantum

165 1425 453 1474 magnitudinis,
483 1426 584 1475 quod
632 1426 783 1475 quidem
826 1436 927 1462 extra
967 1424 1125 1462 dubium
1161 1426 1268 1474 ponit

165 1477 353 1524 analogica
382 1474 559 1513 seminum
587 1476 833 1515 conformatio
860 1478 898 1513 in
930 1473 1153 1525 Lyeopodio
1178 1476 1266 1523 sela-

164 1528 309 1576 ginoide
338 1538 435 1564 nunc
461 1526 611 1565 detecta.

182 1661 187 1669 ,
277 1627 365 1677 Jam
397 1626 500 1678 supra
530 1627 967 1676 indicavimus,pulvei·is
997 1625 1165 1665 farinacei
1189 1636 1268 1674 par-

170 1678 294 1717 ticulas
322 1681 358 1716 in
387 1677 537 1727 capsulis
569 1675 816 1725 superioribus
851 1678 1059 1727 Lycopodii
1075 1676 1268 1726 selaginot'·

170 1731 225 1767 dis
254 1731 497 1778 quaternatim
540 1728 751 1775 conjunuas
788 1726 861 1765 esse
898 1729 1030 1765 eodem
1075 1727 1189 1764 modo
1227 1738 1270 1762 ac

171 1780 325 1828 granula
342 1781 569 1829 capsularum
595 1778 819 1818 inferiorum.
857 1779 1091 1816 Conveniunt
1117 1788 1271 1827 quoque

172 1832 363 1880 Utriusque
387 1834 529 1879 generis
560 1828 713 1880 capsulae
747 1829 923 1867 divisione
958 1830 1016 1868 vel
1055 1826 1270 1867 dehiscentia

172 1880 257 1929 sua5
299 1892 527 1930 quamquam
550 1880 739 1919 inferiores
768 1879 1037 1930 -quadriva1ves
1074 1890 1270 1966 perperam

1239 1940 1274 1965 e.»
