1877 2625
416 192 962 240 &5205ss

147 293 288 327 quantum
314 283 439 323 scimus.
469 287 498 316 in
521 284 581 317 sola
605 287 702 328 Capra
728 297 875 329 angorem
910 296 1099 320 occurrunt.'
1126 288 1229 319 Omnia

144 338 242 359 autern
256 329 365 361 coloris
379 328 443 362 sunt
459 330 573 362 obscuri
587 355 594 367 ,
610 334 742 366 cinerea,
755 331 851 368 fusca,
867 333 1056 374 nigricantia,
1076 334 1232 376 inaequabi-

144 372 211 404 liter
234 373 341 416 rugosa
361 373 531 417 nodosaque
556 377 586 405 ὅ(
608 387 675 405 eum
704 378 733 407 in
762 375 888 407 modum
915 375 1098 419 compressa,
1124 388 1154 409 ut
1176 376 1232 409 fint

144 417 190 448 vel
208 417 299 449 latere
319 420 459 451 interiore
500 419 587 461 plana
611 422 640 450 &
671 422 816 451 exteriore
845 431 994 459 convexa,
1027 422 1072 453 vel
1098 424 1232 464 margine

142 460 293 504 superiore
316 462 407 495 crassa
429 467 458 495 ὅ(
479 462 619 495 inferiore
647 463 822 507 plerumque
846 467 990 497 tenuiora.

233 553 354 588 Cornua
378 552 586 593 Antiloparum
609 554 639 584 in
678 562 744 584 ortu
782 552 817 584 ad
844 554 987 596 angulum
1012 564 1130 585 acutum
1155 567 1171 585 a
1201 553 1229 586 se

143 594 336 635 discedendo,
359 598 405 629 vel
429 596 526 628 solum
549 600 578 628 in
600 598 689 629 latera
714 598 851 634 tendunt,
877 598 922 629 vel
954 598 1039 629 fimul
1065 601 1093 630 in
1110 598 1230 630 dorsum

142 639 328 683 diriguntur,
353 643 398 674 vel
423 644 452 673 in
476 640 604 673 frontem
628 640 814 676 descendunt.
861 644 932 673 Hac
952 644 1051 686 postea
1075 646 1104 673 in
1128 653 1229 673 arcum

140 683 277 727 supinum
300 688 455 729 porrefta,
477 688 507 716 in
528 685 588 717 sola
614 686 755 729 Antilope
770 687 839 723 Gmc
862 686 1141 719 animadvertuntur.
1170 687 1230 718 Illa

141 730 188 761 vel
213 741 328 762 arcuata
349 731 395 763 vel
418 732 569 765 uncinata,
591 741 714 773 uzraque
735 731 847 768 aversa,
869 732 913 762 vel
930 734 1016 762 etiam
1033 733 1110 763 tedia
1124 730 1231 763 deinde

142 773 326 809 enascuntur.
375 775 436 816 Ista
461 774 586 817 denique
610 773 788 817 surguntvel
801 776 895 810 tedia,
914 776 958 806 vel
973 775 1130 806 introrsum
1150 775 1231 818 paul-

141 818 204 849 lum
225 830 358 855 arcuata,
382 820 427 851 vel
453 822 481 850 iu
505 818 634 850 frontem
658 819 787 855 adunca,
810 821 857 851 vel
880 822 909 850 in
935 819 1011 851 duos
1031 831 1113 851 arcus
1136 831 1232 862 oppo-

141 862 211 894 sitos
233 866 454 907 contrariosque
475 867 504 894 ὅ(
529 862 685 894 introrsum
705 866 733 894 ὅ(
761 863 917 896 retrorsum
940 864 1030 900 flexa,
1053 864 1099 895 vel
1123 866 1151 895 in
1175 874 1230 896 tres

142 907 261 939 demum
287 920 370 940 arcus
394 907 521 940 flexuosa
544 907 689 950 simulque
712 908 836 950 spiralia.
870 909 993 939 -Omnia
1024 920 1093 940 vero
1128 909 1230 940 colore

140 951 204 984 {unt
227 952 370 988 obscura,
401 956 505 996 nigra,
533 955 728 995 nigricantia‚
757 962 843 995 atque
875 956 973 985 teretia
1000 956 1028 984 ὅ(
1055 953 1230 997 plerumque

140 996 277 1036 annulis,
302 1000 393 1029 rarius
417 996 594 1031 anfradlibus
619 995 738 1039 spirisve
761 1007 868 1030 notata.

203 1101 208 1104 ’
230 1094 276 1124 Ex
304 1095 337 1124 iis
364 1105 426 1136 quae
453 1105 531 1136 nuuc
556 1093 632 1125 didia
654 1093 733 1129 sunt,
759 1092 861 1135 colligi
885 1091 994 1135 possit,
1019 1103 1106 1135 quam
1129 1094 1228 1126 multi-

140 1135 246 1169 fariam
272 1137 441 1181 diverseque
474 1148 632 1170 curvemur
656 1149 742 1182 atque
763 1139 967 1180 proclinentur
988 1139 1096 1168 horum
1119 1141 1229 1170 anima-

140 1182 213 1213 lium
237 1193 362 1218 cornua,
384 1184 417 1214 &
441 1195 528 1226 quam
553 1182 733 1214 dissimiliter
754 1182 808 1213 fint
829 1181 967 1213 formata.
1014 1181 1109 1212 Nobis
1130 1192 1229 1215 tamen

140 1225 272 1262 videtur,
293 1225 430 1259 ordinem
456 1226 614 1270 quemdam
637 1226 842 1259 methodicum
866 1225 933 1256 inde
957 1226 1122 1267 oriturum,
1147 1226 1169 1258 fi
1193 1227 1228 1258 il-

139 1271 238 1302 lorum
264 1274 390 1314 p'rimam
415 1271 627 1313 dstefflonem,
652 1272 852 1315 principalem
869 1269 1000 1300 formam
1016 1272 1045 1301 ὅ(
1059 1272 1227 1313 generalem

139 1314 304 1358 superficiei
327 1315 460 1347 indolem
485 1318 572 1348 unice
593 1316 814 1359 respexerimus.
861 1316 971 1346 Omnia
996 1316 1074 1346 enim
1097 1326 1113 1346 a
1132 1319 1228 1358 capite

142 1360 277 1392 exeundo
303 1360 425 1393 tendunt
449 1363 480 1392 in
505 1361 698 1393 direc‘tionem
722 1362 768 1393 vel
793 1360 969 1391 contrariam
993 1357 1082 1401 idque
1103 1359 1138 1390 ad
1162 1372 1228 1402 pcr-

139 1404 333 1446 pendiculum
359 1408 389 1437 in
415 1405 505 1437 latera
521 1407 626 1447 capitis
651 1404 767 1442 versus,
789 1404 836 1436 vel
858 1403 1000 1444 obliquam
1015 1402 1104 1445 idque
1116 1415 1177 1435 non
1197 1406 1227 1435 in

138 1449 228 1481 latera
241 1448 347 1487 solum,
360 1461 462 1482 verum
487 1448 642 1491 saepissime
664 1448 751 1480 simul
775 1451 863 1481 etiarn
877 1449 907 1478 in
931 1445 1066 1483 dorsum,
1082 1447 1227 1480 rarissime

138 1495 169 1523 in
182 1491 321 1528 frontem,
343 1495 417 1526 Sunt
442 1505 580 1537 praeterea
605 1494 652 1526 vel
670 1495 769 1526 teretia
783 1493 829 1525 vel
842 1495 980 1534 triquetra
999 1491 1045 1522 vel
1067 1491 1226 1535 dupliciter

138 1538 326 1582 compressa,
347 1541 377 1570 ὅ(
400 1537 436 1571 ad
458 1538 643 1581 superficiem
662 1537 744 1582 quod
767 1540 884 1574 attinet,
909 1535 955 1566 vel
987 1538 1116 1568 maxime
1145 1537 1227 1568 laevia

139 1582 186 1614 vel
208 1585 338 1615 maxime
364 1584 548 1626 inaequabilia
574 1583 663 1626 idque
688 1582 747 1614 five
772 1578 957 1614 transverslm
981 1582 1082 1622 rugi8‚
1118 1582 1225 1619 nodis,

137 1627 274 1665 annulis,
296 1627 355 1660 five
379 1628 500 1671 oblique
525 1626 845 1670 anfradhbussgyris,
867 1625 960 1669 spiriS.
1008 1625 1052 1655 Ad
1083 1626 1227 1669 multipli-

138 1682 203 1703 cem
234 1673 345 1705 hancce
374 1672 600 1716 discrepantiam
634 1674 690 1704 rite
722 1671 944 1716 significandam
975 1680 1037 1711 quae
1069 1670 1228 1703 necessaria

138 1715 276 1749 duximus
299 1719 367 1750 artis
393 1717 536 1750 vocabula
559 1726 621 1749 tum
646 1726 740 1749 vetera
764 1728 827 1748 tum
852 1726 947 1755 nova,
961 1723 1082 1757 utraque
1097 1727 1152 1759 qua
1168 1726 1225 1758 po·

139 1762 247 1794 ruimus
271 1764 458 1796 accuratione
479 1762 619 1805 definita,
643 1760 709 1794 sunt
729 1760 891 1805 sequentia:

636 1864 664 1894 C
688 1874 705 1894 c
1129 1859 1228 1891 Pror-
