1877 2625
448 196 1000 256 szssffi-:v

330 296 464 334 coloris
501 297 716 340 saturatioris
752 305 796 341 ab
844 307 954 345 oculo
992 307 1112 347 versus
1145 310 1269 352 nasum

328 346 467 386 extensa
497 351 601 389 valde
626 352 853 404 conspicuus,

175 421 313 458 Cornua
339 421 554 460 acutiuscula
580 436 653 462 atra
679 428 801 472 nitida,
831 431 863 466 in
895 431 1026 469 eodem
1046 431 1161 472 ferme
1182 447 1267 474 cum

324 470 443 509 fronte
473 473 580 522 plano
608 475 853 526 exsurgentia,
885 481 965 529 plus
994 494 1105 532 quam
1139 495 1162 533 4
1188 487 1264 534 pol-

321 522 406 561 lices
434 524 542 572 longa
568 526 604 563 δι
630 528 674 564 ad
708 529 865 567 radicem
897 543 914 579 3
954 534 1085 578 crassa,
1127 535 1198 573 basi
1241 540 1265 574 6

320 572 430 610 lineas
469 573 526 613 sed
554 578 717 625 apicibus
745 579 850 629 supra
877 593 902 631 4
929 584 1075 632 pollices
1105 588 1196 624 inter
1230 587 1264 626 se

323 622 501 670 distantia,
528 625 680 676 superne
705 629 823 674 laevia‚
856 631 992 671 inferne
1016 637 1177 682 primum
1205 649 1265 675 ru·

319 675 376 721 gis
417 677 635 727 annulisque
667 682 838 718 tenuibus
880 682 917 719 &
954 685 1084 722 deinde
1126 686 1263 724 foffulis

318 724 498 774 nodisque
527 726 744 776 majusculis,
791 742 929 769 tanturn
972 747 1046 772 non
1088 737 1261 775 omnibus

317 774 550 823 immisistis,
600 790 732 818 notata.
759 800 805 807 —-
838 783 1016 831 Prcfiffias
1048 785 1180 824 frontis
1204 799 1260 825 os·

316 821 396 862 scus
423 826 646 866 stramineus.

161 895 348 934 Auriculae
369 897 599 947 longitudine
632 902 710 940 fere
742 907 932 952 emnium,
969 918 1145 956 patentes,
1184 911 1260 950 basi

313 948 537 995 cylindricae‚
565 955 668 1001 apice
693 954 899 994 rotundatae
923 956 1140 1009 denfiusque
1165 963 1257 1000 cilia·

309 1009 373 1044 tae,
404 1011 567 1039 ceterum
590 1015 679 1041 vero
709 1006 787 1053 pilis
819 1005 1040 1045 brevissimis
1069 1023 1170 1050 extra
1197 1012 1257 1051 ba-

310 1048 375 1085 diis
403 1051 501 1089 intus
524 1054 734 1093 canentibus
759 1057 963 1095 tenuissime
989 1059 1102 1097 testae.

156 1119 274 1158 Gauda
303 1121 513 1171 dependens
538 1126 694 1166 floccosa
719 1130 918 1177 nigricans,
943 1131 988 1169 ab
1015 1145 1085 1171 ano
1108 1134 1153 1172 ad
1181 1138 1255 1185 api-

307 1185 387 1210 cem
417 1176 577 1224 pilorum
603 1181 628 1215 ὁ
653 1179 803 1229 pollices
829 1180 952 1231 longa.
979 1203 1027 1212 —
1062 1186 1166 1224 Anus
1193 1186 1252 1224 de·

305 1223 397 1272 piIis.

149 1295 306 1343 Ingvina
335 1298 418 1346 pilis
447 1297 670 1338 brevissimis
707 1305 876 1354 rarisque
902 1317 947 1342 ex
976 1304 1097 1344 albido
1124 1308 1248 1357 luteis,

299 1349 430 1386 mediis
461 1361 559 1399 pone
586 1351 727 1390 femora
758 1357 877 1398 canis,
916 1357 1011 1393 male
1040 1358 1165 1396 velata.
1202 1381 1250 1389 —

299 1399 461 1435 Mammae
489 1400 587 1445 duae,
617 1404 652 1438 in
684 1403 776 1451 pelle
802 1415 913 1443 atrae:
935 1408 1089 1455 papillis
1104 1413 1244 1459 magni-

294 1447 420 1487 tudine
448 1450 514 1488 Pisi
539 1455 702 1490 maximi.

145 1521 255 1559 Pedes
282 1523 435 1570 graciles
463 1523 577 1569 badii,
616 1528 722 1564 antici
750 1540 770 1566 a
791 1528 908 1566 fundo
932 1529 979 1567 ad
1005 1541 1176 1570 truncum
1203 1539 1243 1577 18

293 1573 462 1621 pollices,
494 1576 618 1623 postici
649 1588 715 1624 per
738 1591 974 1617 curvaturam
1000 1584 1044 1618 26
1067 1582 1246 1631 longi.—

295 1625 421 1661 Genua
464 1625 610 1663 illorum
640 1626 757 1677 scopis
783 1629 960 1668 destituta.
993 1653 1041 1660 —
1090 1635 1241 1681 Ungulae

294 1676 423 1724 spuriae
449 1687 572 1726 parvae
595 1675 842 1728 subangulatae
862 1683 965 1731 apice
988 1683 1205 1721 rotundatae.

253 1775 351 1814 Tale
374 1779 425 1817 est
449 1778 601 1826 animal,
627 1778 734 1827 cujus
760 1781 892 1830 pellem
912 1780 1065 1820 farfilam
1081 1784 1241 1832 posside·

138 1836 236 1864 mus.
314 1829 388 1868 Sed
427 1829 464 1869 in
495 1833 760 1870 commentario
793 1833 918 1872 nostro
945 1834 1147 1922 guineenfih
1170 1836 1238 1890 alia

1150 1898 1235 1933 ujus
