1877 2625
445 205 999 257 ἐξεφ-ἐξῇ

170 357 172 359 ¹
269 307 424 347 Procera
465 318 501 346 at
542 308 668 356 gracili
709 319 784 347 erat
821 307 1092 344 BERGMANNUS
1130 307 1269 345 statura.

167 359 297 399 Primis
335 358 577 397 adolescentiae
604 360 703 396 annis
737 359 784 397 sat
822 358 925 394 firma
960 360 1125 405 corporis
1146 359 1271 395 consti-

168 411 308 448 tutione
334 409 535 457 gaudebat,
568 414 615 445 at*
640 413 813 447 continuo
849 407 971 444 labore
1005 407 1192 445 debilitatae
1223 411 1271 446 in-

168 459 374 499 commodis
404 462 476 496 cito
504 458 753 506 obruebatur,
788 472 822 497 ct
850 459 930 495 licet
958 470 1080 494 tenues
1111 460 1273 495 viresiti-

167 510 315 548 neribus
330 536 340 554 ‚
361 512 465 558 aquis
485 509 670 546 medicatis
691 521 800 559 atque
817 508 955 546 summa
971 510 1004 545 in
1022 508 1118 545 viem
1139 520 1274 557 tempe-

167 563 282 598 rantia
311 560 459 598 reficere
488 571 702 607 conaretur,
746 561 825 597 licet
854 570 1017 603 mature,
1050 571 1090 595 ur
1120 557 1274 595 sedenta-

168 613 228 649 riae
252 613 331 647 vitae
364 623 497 648 noxam
527 613 747 658 corrigeret,
781 609 1020 651 ambulando,
1060 620 1094 645 et
1134 609 1273 656 legere,

168 673 205 699 et
231 660 386 705 tabellae,
415 673 527 711 quam
556 672 664 697 manu
690 660 872 707 gestabat,
901 671 982 708 qua:
1007 659 1198 696 meditatus
1226 669 1277 696 es·

167 710 240 755 set,
281 709 471 748 inscribere
511 709 737 754 assvevisset,
776 713 836 746 vix
864 721 983 746 tamen
1010 711 1104 747 aliud
1133 708 1274 755 effecit,

168 773 281 811 quam
310 773 351 798 ut
385 762 667 797 valetudinarius
702 761 877 809 reliquam
910 761 1021 799 vitam
1054 762 1172 807 magis
1213 761 1276 795 mi·

168 823 286 850 nusve
308 810 532 849 tolerabilem
558 810 737 849 redderet.

278 912 318 948 In
345 910 528 948 tradendis
559 922 593 948 et
618 908 824 949 excolendis
856 908 928 947 Sibi
953 907 1159 948 commissis
1180 904 1276 944 disci-

168 962 274 1011 plinis
297 961 474 999 suminam
492 965 626 998 meruit
652 960 818 1005 laudem,
843 961 1011 1009 exemplo
1031 987 1040 1008 ‚
1068 957 1219 996 confiliis
1242 966 1278 993 et

169 1011 375 1049 affabilitate
403 1015 494 1049 mira
532 1024 605 1049 tam
647 1013 881 1059 incipientes,
924 1022 1036 1060 quam
1075 1008 1278 1058 proveffio·

168 1075 226 1099 res
250 1063 404 1099 alliciens
435 1073 469 1099 et
494 1073 728 1110 permovens·
783 1061 866 1098 Sive
895 1063 929 1097 in
959 1059 1163 1105 Cathedra,
1205 1059 1277 1096 five

168 1113 216 1150 ad
246 1111 411 1149 fornaces
441 1112 689 1158 Laboratorii,
716 1122 779 1148 ant
808 1111 982 1148 elementa
1011 1111 1193 1155 Chemiae‚
1214 1120 1278 1148 aut

168 1161 412 1199 subtilisfimas
435 1174 632 1211 aquarum,
663 1173 919 1210 gemmarum,
948 1161 1136 1198 acidorum
1167 1159 1280 1197 mole-

169 1213 268 1250 culas
300 1210 550 1261 percensebat‚
578 1212 705 1250 eadem
741 1211 879 1261 ubique
912 1210 1085 1249 sermonis
1119 1210 1278 1248 claritate

168 1274 205 1300 et
230 1264 481 1312 proprietate,
505 1262 637 1300 eodem
665 1262 820 1308 ordine,
849 1261 975 1298 eadem
1005 1264 1191 1299 memoriae
1218 1263 1278 1304 vi,

166 1315 204 1351 ln
242 1314 401 1350 minimis
441 1324 595 1361 quoque
641 1310 816 1360 scrupulis
854 1324 927 1348 non
970 1311 1165 1356 titubante,
1206 1310 1280 1347 fine

167 1363 409 1404 haefitatione‚
439 1363 510 1399 fine
533 1363 782 1400 retractatione
814 1360 920 1397 ullius
947 1360 1134 1402 vocabuli,
1167 1359 1278 1397 libere

168 1425 211 1451 ac
235 1413 345 1450 veluti
372 1411 435 1448 sub
463 1411 625 1449 familiari
664 1409 934 1451 conversatione
956 1410 1182 1447 audientium
1213 1422 1279 1448 co-

168 1475 300 1501 ronam
335 1462 526 1499 detinebat.
574 1463 681 1515 Qus
717 1474 802 1498 vero
841 1462 932 1497 inter
963 1461 1031 1497 hos
1068 1462 1214 1507 ingenio
1244 1472 1279 1498 et

169 1516 206 1551 in
237 1525 315 1550 rem
348 1513 551 1550 chemicam
586 1513 828 1562 propenfione
855 1513 980 1547 ceteris
1009 1511 1174 1559 praestare
1207 1513 1279 1547 ani-

169 1563 441 1607 madvertebat,
490 1575 642 1612 paterno
687 1559 834 1611 prorsus
871 1559 1001 1598 affcfilu
1042 1560 1277 1610 ampleE’teba-

169 1623 255 1658 tur,
287 1617 333 1652 ita
361 1625 402 1650 nt
430 1615 464 1650 in
492 1614 558 1650 illis
589 1610 895 1656 manuducendis‚
933 1610 1179 1657 sublevandis,
1226 1623 1279 1647 re-

169 1663 405 1702 munerandis
433 1664 519 1700 nihil
544 1666 758 1700 intentatum
796 1661 1025 1710 relinqueret.
1077 1660 1279 1698 Veritatem

169 1717 206 1752 in
248 1714 420 1752 omnibus
456 1713 600 1751 sollicite
638 1712 846 1762 quaerebat‚
890 1710 1047 1760 impense
1086 1711 1277 1758 diligebat,

171 1776 207 1802 et
237 1765 477 1813 denegatam,
512 1775 575 1801 aut
598 1762 758 1807 subdole,
782 1763 835 1799 vel
868 1762 1067 1810 petulanter
1100 1763 1275 1809 petitam,

171 1813 326 1854 mascule
354 1813 595 1852 defensitabat.
647 1816 682 1851 A
714 1813 976 1849 machinatione
1012 1823 1081 1860 qua
1125 1811 1276 1848 demum

172 1876 319 1915 cunque
340 1876 375 1902 et
393 1866 647 1915 intempestivo
677 1862 840 1914 quolibet
856 1862 992 1901 favoris
1008 1862 1147 1901 ambitu
1164 1873 1278 1911 quam

1165 1924 1274 1951 maxi-
