1877 2625
893 169 1438 222 &5180ss

715 279 792 307 tere
818 268 1005 314 exteriori,
1030 264 1107 305 fere
1139 265 1250 304 libera
1280 266 1372 303 intra
1403 262 1587 303 but-sulam
1611 267 1710 304 coni-

713 331 796 358 cam
819 321 1020 369 propriam.

717 390 952 443 Perispermia
976 391 1154 441 oblonga,
1183 389 1353 428 semInula
1384 387 1463 428 sena
1482 389 1709 428 includenda.

714 466 861 504 Semina
897 464 1171 514 granuliformia
1206 464 1358 502 discreta
1391 465 1425 501 in
1462 463 1596 502 eodem
1624 465 1708 502 utri-

716 517 803 555 culo
830 517 875 555 ad
902 516 999 554 basm
1022 515 1343 566 receptaculorum
1372 514 1498 565 posita.

721 618 782 657 Sic
814 629 953 657 nexum
975 616 1201 662 naturalem,
1235 628 1312 666 quo
1347 613 1556 664 junguntur
1582 626 1709 652 omnes

616 669 682 708 illae
709 669 858 719 plantae‚
885 668 977 706 adeo
1006 667 1152 705 definite
1179 667 1361 705 redditum
1388 664 1464 703 esse
1482 665 1712 712 crediderim,

615 732 658 759 nt
680 719 725 758 de
748 721 997 758 convenientia
1012 719 1154 756 illarum
1177 718 1317 755 nullum
1328 716 1484 754 dubium
1503 717 1561 760 fit,
1580 727 1712 766 quam·

618 782 731 821 quam
766 770 1009 809 charasterem
1050 769 1151 806 illum
1192 767 1411 806 essentialem
1452 779 1497 805 ex
1535 765 1712 804 seminum

617 821 895 872 quadrigemina
922 821 1237 868 coagmentatione
1264 821 1299 856 in
1327 817 1498 856 omnibus
1528 816 1625 855 haud
1654 816 1712 855 de·

617 883 745 920 tegere
768 872 962 920 hucusque
984 872 1101 920 potui.
1153 871 1289 919 Neque
1316 868 1501 906 charauer
1524 865 1712 905 essentialis

616 924 653 960 in
693 921 865 959 omnibus
897 921 1025 969 plantis
1065 921 1221 958 aliorum
1249 919 1421 957 ordinum
1447 918 1545 955 adest
1573 929 1629 955 ex.
1653 928 1710 965 gr.

616 984 691 1010 non
727 984 857 1009 omnes
896 971 1091 1008 Tricoecae
1122 969 1285 1008 frufi'tum
1317 971 1518 1007 tricoccum
1558 967 1711 1015 habent3

616 1023 655 1060 ἃ
684 1035 804 1060 tamen
831 1034 874 1059 ex
901 1019 1068 1059 sententia
1097 1021 1233 1058 Linnaei
1263 1018 1429 1058 ordinem
1451 1021 1592 1058 intrant.
1620 1019 1712 1056 Duae

616 1073 688 1110 istae
713 1071 884 1110 seffiones
912 1073 1020 1109 nostri
1047 1071 1182 1108 ordtnis
1215 1084 1234 1109 a
1269 1069 1409 1108 deteua
1443 1071 1566 1107 intima
1600 1067 1711 1106 affini·

618 1135 690 1161 tate
718 1121 852 1159 lsoe'ten
887 1125 977 1159 inter
1004 1122 1042 1159 &
1076 1121 1294 1172 Lycopodia
1327 1120 1548 1169 granulitera
1582 1122 1713 1156 eximIe

613 1171 837 1221 junguntur,
866 1172 903 1209 ἃ
930 1172 975 1210 fic
999 1172 1276 1210 fundamentum
1314 1173 1424 1208 totius
1457 1169 1593 1207 ordinis
1622 1169 1712 1218 posi·

617 1235 698 1262 tum
726 1222 802 1262 esse
828 1223 1008 1260 videmus,
1059 1224 1144 1259 Nec
1174 1223 1295 1271 postea
1323 1221 1368 1258 de
1394 1220 1563 1258 affinitate
1593 1219 1713 1268 Lyco-

619 1275 818 1325 podiorum
842 1285 929 1311 cum
957 1274 1160 1321 Botryehiis
1186 1273 1254 1310 ὅτε.
1284 1271 1451 1309 dubitare
1478 1271 1575 1317 licet,
1593 1281 1713 1319 neque

618 1324 664 1362 ab
692 1324 799 1362 altera
825 1336 926 1373 parte
958 1326 1210 1361 convenientia
1239 1321 1373 1361 lso‘eten
1410 1324 1501 1358 inter
1528 1321 1565 1358 ἃ
1604 1321 1714 1358 Salvi-

618 1378 714 1414 niam
740 1373 891 1412 obscura
921 1385 1050 1410 manet.
1080 1371 1262 1410 Praesentia
1290 1371 1606 1421 receptaculorum
1630 1382 1712 1419 pro-

618 1428 784 1475 priorum
813 1427 854 1462 inv
882 1425 937 1461 his
975 1423 1011 1460 ὃ(
1047 1422 1200 1461 absentia
1238 1425 1273 1460 in
1301 1422 1365 1460 illis
1394 1423 1571 1459 rationem
1612 1421 1711 1460 haud

619 1473 856 1524 spernendam
889 1474 1028 1522 praebet
1055 1485 1229 1523 utrasque
1258 1476 1350 1511 inter
1389 1470 1422 1509 st
1455 1469 1711 1519 conjungendi.

618 1527 745 1575 AEque
773 1524 1029 1563 memorabiles
1055 1523 1134 1561 sunt
1164 1524 1258 1562 binae
1284 1524 1356 1561 istae
1384 1521 1560 1561 seminum
1583 1522 1712 1560 formae

617 1579 653 1615 in
682 1578 736 1614 his
765 1578 947 1625 praecipue
975 1572 1183 1615 essentiales.

718 1669 943 1708 Dehiscentia
969 1669 1027 1707 illa
1055 1668 1344 1717 longitudinalis,
1385 1681 1458 1720 qua
1495 1670 1612 1718 prima
1650 1679 1712 1717 ge-

620 1732 705 1759 nera
734 1719 895 1759 seE’tionis
919 1722 1049 1770 prioris
1076 1720 1362 1768 distingvuntur,
1387 1720 1545 1758 exaffius
1572 1718 1712 1756 definiri

618 1783 790 1810 meretur.
844 1770 1136 1819 Longitudinalis
1159 1769 1291 1808 dicitur
1316 1782 1392 1808 non
1420 1769 1580 1819 respestu
1603 1769 1711 1818 ipfius

619 1820 789 1873 capsulae,
824 1820 883 1860 sed
919 1821 1082 1871 respefiiu
1125 1821 1236 1860 caulis
1275 1820 1426 1871 plantae,
1468 1822 1553 1872 quia
1586 1819 1657 1908 ίίἳε
1689 1832 1710 1857 a

1635 1882 1711 1908 um-
