1877 2625
411 177 598 227 ἑὲ
678 190 744 231 147
819 181 1033 232 ξεν

164 273 315 311 tinuavit
341 271 482 310 illustris
499 274 744 323 CHEMN1T23
771 272 995 323 splendidum
1023 274 1150 315 scilicet
1169 278 1246 316 Te·

164 323 368 360 staceorum
406 323 729 373 Gazophylacium
771 325 842 362 sine
883 329 981 374 pari,
1019 326 1056 363 81
1089 339 1243 365 numero

163 384 238 409 non
265 374 384 410 minus
400 372 599 422 specierum
623 374 964 424 locupletissimum,
993 387 1121 425 quam,
1145 377 1245 426 quod

163 422 238 459 huc
266 433 383 471 usque
416 422 544 460 viderit
578 422 687 460 Orbis
716 425 902 470 eruditus,
941 425 1126 466 coloribus
1154 429 1245 464 vivis

161 471 424 510 nitidissimum.

258 565 388 603 Studio
426 567 738 615 peregrinantium
764 570 970 606 recentioris
1005 572 1071 608 aevi
1098 567 1247 607 indefes—

163 611 219 660 so,
246 615 379 663 quibus
405 616 561 665 plurima
587 628 683 655 nova
709 617 873 655 Historiae
897 618 1084 657 Naturalis
1114 619 1247 657 deben-

163 675 223 702 tur
250 665 413 710 demun,
444 665 614 703 nonnulla
651 677 805 715 quoque
842 667 889 705 ad
927 668 1036 705 finem
1072 680 1246 717 vergente

162 713 280 752 seculo
304 715 442 758 XVIII,
469 715 636 762 indagata
660 713 809 753 fuerunt
836 728 932 754 nova
944 717 1137 762 Testaeea,
1163 729 1245 766 quae

162 776 237 802 non
279 763 394 802 modo
422 766 536 801 aciem
563 763 772 812 effugerunt
812 765 1073 806 laboriofisfimi
1110 768 1246 805 CHEM-

162 824 272 858 NJTZ,
315 811 386 851 sed'
418 816 523 852 etiarn
557 816 591 850 in
620 813 766 852 Musaeis
790 815 981 855 Danorum
1000 820 1035 856 in
1059 819 1131 856 hoe
1157 818 1245 856 Ani-

163 864 313 902 malium
337 863 482 902 Genere
507 863 703 911 ditissim1s‚
727 864 982 904 desiderantur.

253 958 418 1007 Contigit
440 958 548 1005 mshi,
587 960 679 996 inter
717 959 800 997 alias
841 972 861 997 e
898 961 1047 997 remotis
1072 959 1246 1009 Niponiae

163 1007 284 1047 Infulis
314 1008 433 1046 allatas
476 1007 617 1052 Gazas,
656 1008 913 1047 TELLINAE
947 1007 1098 1057 speciem
1125 1011 1245 1058 acqui-

162 1071 258 1105 rere,
281 1070 392 1107 quam
419 1058 584 1095 nondum
611 1056 825 1107 descriptam
853 1061 971 1096 inveni
985 1070 995 1106 3
1026 1058 1062 1095 8<
1081 1058 1249 1096 Celeber-

162 1111 276 1147 rimus
292 1109 471 1147 Dominus
491 1105 675 1146 Professor
701 1108 869 1146 OLAvus
896 1108 1154 1153 SWARTZ‚tot
1184 1109 1248 1145 mi-

161 1160 200 1197 hi
242 1158 472 1196 documentis
509 1157 584 1194 aliis
625 1155 803 1206 pretiosus
839 1159 993 1194 Amicus
1013 1183 1023 1200 ,
1066 1156 1248 1195 Musaeum

161 1220 289 1247 meum
316 1207 442 1245 ditavit
463 1206 597 1256 duplici
625 1206 819 1255 eJamaica
839 1206 1097 1245 TELLINAE
1119 1205 1247 1256 speeie,

161 1259 253 1296 adeo
281 1256 449 1305 singulari
478 1256 515 1293 &
544 1254 717 1304 speciosa,
743 1267 783 1294 ut
809 1268 881 1294 non
901 1268 1033 1306 parum
1059 1268 1119 1294 me
1145 1256 1249 1294 taede-

164 1320 200 1347 at
225 1313 338 1345 morae
365 1306 477 1354 illius,
497 1317 569 1355 qua
596 1308 630 1343 in
660 1306 758 1343 hunc
785 1318 904 1356 usque
931 1305 1048 1350 diem,
1078 1307 1141 1344 has
1161 1306 1250 1355 Spe-

162 1359 235 1396 cies
270 1359 305 1395 in
334 1355 486 1394 obscuro
511 1354 609 1402 sere,
646 1353 767 1393 saltem
795 1369 866 1393 non
895 1354 1077 1405 descriptae
1106 1356 1163 1394 vel
1190 1355 1250 1392 de-

161 1408 278 1458 pffitae,
315 1409 406 1444 inter
429 1405 656 1443 Colleetanea
684 1417 764 1442 mea
793 1403 1059 1454 permanserint.

255 1501 308 1538 Ut
341 1502 464 1550 itaque
504 1499 578 1536 aliis
607 1500 761 1537 Naturae
805 1497 1074 1536 Scrutaroribus
1116 1501 1251 1537 Innote-

164 1554 258 1591 scant
286 1563 357 1588 tres
385 1563 488 1588 novae
527 1550 583 1586 hae
611 1549 848 1587 Concharum
887 1547 1043 1597 species,
1083 1548 1251 1586 Societati

163 1603 286 1650 Regiae
317 1601 515 1638 Litterariae
550 1596 806 1648 descriptiones
829 1597 1008 1645 illarum,
1054 1610 1124 1636 una
1165 1610 1251 1636 cum

165 1650 328 1690 iconibus
351 1650 488 1690 oblatas
512 1650 550 1686 &
578 1648 850 1686 commendatas
882 1646 991 1684 volui.

163 1744 404 1784 TELLINA
427 1742 596 1793 japonica
616 1758 631 1780 .-
667 1743 751 1780 testa
779 1740 941 1790 oblonga
966 1740 1253 1780 albo-incarnata

480 1790 678 1831 transverse
707 1793 833 1830 striata.

165 1847 316 1885 Habitat
343 1846 377 1881 in
405 1844 503 1883 Mari
531 1843 733 1892 Japonico,
768 1854 788 1877 e
827 1839 930 1889 cujus
964 1840 1148 1879 littoribus
1175 1840 1251 1879 duo

266 1904 408 1931 tantum
435 1893 640 1938 individua,
682 1903 839 1941 quarum
870 1893 1019 1931 unicum
1045 1895 1080 1929 in
1111 1888 1251 1930 Musaeo

265 1956 351 1982 meo
376 1941 551 1993 superest,
575 1941 705 1983 afferre
730 1941 840 1979 licuit.
1197 1991 1229 2027 T

1227 2005 1255 2028 e-
