1877 2625
873 129 1419 179 &3172ss

603 222 663 262 sed
686 234 938 274 coagmentata
974 221 1052 261 sunt
1090 225 1124 260 in
1166 220 1359 270 globulum
1401 220 1620 258 tetraedmm
1649 219 1694 256 ab

603 277 703 313 omni
733 286 834 323 parte
861 273 1118 322 aequihaoerale,
1146 275 1192 309 ita
1220 284 1260 308 ut
1295 271 1543 321 quodcunque
1578 269 1694 308 semen

602 326 741 373 angulo
771 324 911 373 fingulo
939 322 1114 371 regularis
1145 322 1311 360 tetraedri
1348 321 1560 371 respondeat
1587 321 1696 369 (figg.

604 384 639 420 8.
673 388 727 414 ιι.
755 376 825 423 12).
882 375 917 412 Si
946 374 1168 412 tetraedrum
1207 373 1394 422 quoddam
1422 386 1442 410 a
1471 372 1694 419 marginibus

602 426 650 464 ad
674 437 840 464 centrum
868 423 1062 463 dissecatur
1090 427 1125 462 in
1156 436 1314 473 quatuor
1348 436 1493 473 partes,
1530 425 1696 460 oriuntur

605 479 672 515 tria
700 478 807 514 latera
838 478 1007 513 interiora
1037 475 1264 523 trIangularia
1294 477 1328 511 in
1369 485 1589 522 unaquaque
1623 485 1698 522 par-

605 538 660 573 te,
689 539 770 577 quae
798 526 949 575 quidem
980 525 1095 563 tribus
1126 526 1195 564 istis
1231 522 1408 562 seminum
1445 523 1563 562 Iso‘etis
1596 521 1699 561 facie-

605 577 675 615 bus
704 575 985 625 triangularibus
1027 575 1260 625 respondent3
1305 576 1396 612 latus
1434 587 1557 612 autem
1598 585 1701 624 quar·

606 640 686 666 tum
711 628 782 664 five
806 630 965 664 exterius
993 628 1178 674 integrum
1205 637 1422 675 permanens
1449 627 1584 663 ereren-is
1610 625 1700 671 dup-

605 678 669 728 plo
697 676 773 716 fere
802 675 917 725 majus
946 677 1013 720 est,
1041 677 1138 715 unde
1177 679 1212 714 in
1256 675 1449 714 seminibus
1493 674 1701 723 turgefaffis

606 726 871 777 hemisphaeron
913 729 1070 764 exterius
1109 740 1176 777 per
1214 726 1247 763 se
1288 728 1471 765 constituit
1519 727 1604 774 (fig.
1640 726 1700 772 E).

605 779 840 818 Tetraedron
867 777 1044 816 seminum
1066 781 1156 816 intra
1185 776 1270 815 folia
1297 778 1463 815 inferiora
1495 775 1701 825 Lycopodii

594 830 835 877 selaginoidis
875 828 970 866 adeo
1011 831 1166 876 margini
1211 826 1273 866 suo
1321 828 1529 875 impositum
1562 828 1630 871 est,
1662 837 1702 862 nt

607 878 720 917 ambo
747 878 922 916 seminum
947 880 1045 927 paria
1075 878 1142 918 scil.
1178 878 1325 916 inferius
1362 879 1397 915 δὲ
1443 876 1603 927 superius
1643 876 1703 912 de-

607 927 798 968 cussentur
824 930 883 967 vel
908 941 1056 967 crucem
1086 929 1261 973 efficiant3
1291 941 1356 978 par
1388 941 1512 966 autem
1542 927 1703 977 superius

609 982 878 1019 concentricam
911 992 997 1017 cum
1025 981 1126 1017 caule
1154 979 1390 1018 direffionem
1418 991 1532 1023 tenet,
1562 991 1627 1029 par
1656 981 1705 1014 in-

608 1029 720 1067 ferius
748 1030 930 1070 radialem.
983 1031 1108 1080 Itaque
1136 1030 1274 1067 nonnisi
1311 1032 1378 1070 tria
1414 1029 1543 1067 semina
1572 1040 1709 1066 extror-

609 1078 688 1118 sum
715 1079 800 1117 visui
833 1091 977 1129 patent,
1008 1081 1104 1118 unde
1132 1080 1314 1129 capsulam
1350 1082 1545 1119 tricoccam
1583 1090 1708 1129 perpe·

609 1142 690 1168 ram
734 1129 994 1179 descripserunt
1030 1131 1197 1169 amotores
1238 1132 1419 1180 plerique,
1461 1144 1526 1170 nec
1568 1129 1628 1167 nifi
1672 1132 1707 1166 in

610 1181 716 1218 Flora
744 1182 891 1218 Svecica
939 1193 1141 1220 tetracocca
1177 1180 1249 1219 esse
1281 1181 1501 1219 describitur.
1572 1179 1707 1218 Talem

610 1229 876 1278 conjunffionis
902 1232 1059 1270 modurn
1090 1231 1222 1269 semina
1250 1234 1416 1270 omnium
1446 1233 1577 1269 harum
1610 1231 1707 1280 plan-

611 1292 730 1319 tarum
759 1281 883 1320 exafi‘te
910 1281 1124 1328 observant,
1165 1285 1275 1320 etiam
1318 1282 1380 1320 ubi
1420 1281 1537 1329 major
1576 1292 1707 1318 eorum

611 1343 788 1369 numerus
816 1334 851 1368 In
886 1331 1026 1382 capsula
1067 1336 1256 1371 communi
1297 1330 1450 1371 inclusus
1493 1333 1562 1379 est3
1603 1330 1706 1380 quod

610 1382 760 1431 quidem
786 1394 829 1419 eo
855 1382 1129 1421 memorabilius
1163 1382 1237 1422 esse
1275 1384 1480 1430 credimus,
1510 1394 1627 1432 quum
1663 1379 1708 1418 se-

609 1435 708 1469 mina
735 1432 887 1470 aliarum
913 1433 1119 1482 plantarum
1150 1436 1241 1472 intra
1268 1433 1428 1484 capsulas
1461 1431 1707 1483 polyspermas

611 1494 748 1521 certam
774 1483 960 1532 quandam
986 1483 1280 1531 conjunffionem
1309 1497 1498 1535 nunquam
1527 1484 1708 1521 exhibent.

612 1532 754 1571 Exinde
800 1545 954 1584 quoque
994 1534 1252 1573 concludimus
1295 1536 1388 1573 hane
1439 1536 1708 1572 connexionem

612 1582 712 1620 haud
740 1581 928 1622 fortuitam
957 1583 1050 1629 esse,
1078 1583 1134 1622 sed
1163 1598 1298 1623 nexum
1326 1586 1460 1624 habere
1489 1584 1710 1622 essentialem

613 1645 700 1671 curn
743 1637 974 1681 generatione
1012 1635 1068 1672 vel
1107 1638 1304 1674 nutritione
1348 1638 1481 1674 horum
1524 1634 1711 1673 seminum.

615 1683 731 1735 Quod
759 1685 908 1733 quidem
930 1686 1080 1722 ulterius
1106 1686 1363 1731 confirmatur,
1395 1682 1435 1724 fi'
1459 1688 1601 1735 penitus
1626 1697 1709 1723 con-

615 1734 812 1773 fideremus
840 1747 951 1785 quam
974 1738 1099 1773 intime
1120 1737 1249 1775 coalita
1275 1737 1358 1782 sint,
1385 1749 1500 1787 eaque
1523 1735 1585 1773 sub
1603 1735 1711 1773 tenel-

613 1785 648 1824 la
670 1796 773 1825 aetate
803 1796 962 1836 quatuor
1002 1788 1109 1825 instar
1150 1787 1399 1838 embryonum
1435 1790 1540 1825 unius
1569 1784 1708 1823 seminis

1609 1848 1710 1876 com·
