<?xml version="1.0" encoding="UTF-8"?>
<!DOCTYPE html PUBLIC "-//W3C//DTD XHTML 1.0 Transitional//EN"
    "http://www.w3.org/TR/xhtml1/DTD/xhtml1-transitional.dtd">
<html xmlns="http://www.w3.org/1999/xhtml" xml:lang="en" lang="en">
 <head>
  <title>
</title>
<meta http-equiv="Content-Type" content="text/html;charset=utf-8" />
  <meta name='ocr-system' content='tesseract 3.04.00' />
  <meta name='ocr-capabilities' content='ocr_page ocr_carea ocr_par ocr_line ocrx_word'/>
</head>
<body>
  <div class='ocr_page' id='page_1' title='image "./novaactaregiaeso07kung_0343.png"; bbox 0 0 1877 2625; ppageno 0'>
   <div class='ocr_carea' id='block_1_1' title="bbox 469 203 1020 255">
    <p class='ocr_par' dir='ltr' id='par_1_1' title="bbox 469 203 1020 255">
     <span class='ocr_line' id='line_1_1' title="bbox 469 203 1020 255; baseline 0.011 -6"><span class='ocrx_word' id='word_1_1' title='bbox 469 203 1020 255; x_wconf 34' lang='grc' dir='ltr'>ἐέὲῆᾜῧᾷ-ᾢὲ</span> 
     </span>
    </p>
   </div>
   <div class='ocr_carea' id='block_1_2' title="bbox 197 297 1291 402">
    <p class='ocr_par' dir='ltr' id='par_1_2' title="bbox 197 297 1291 402">
     <span class='ocr_line' id='line_1_2' title="bbox 197 297 1291 351; baseline 0.002 -12"><span class='ocrx_word' id='word_1_2' title='bbox 197 302 254 340; x_wconf 84' lang='lat' dir='ltr'>De</span> <span class='ocrx_word' id='word_1_3' title='bbox 289 300 408 351; x_wconf 82' lang='lat' dir='ltr'>Lapp.</span> <span class='ocrx_word' id='word_1_4' title='bbox 451 297 642 345; x_wconf 82' lang='lat' dir='ltr'>Abrodijes</span> <span class='ocrx_word' id='word_1_5' title='bbox 681 298 770 338; x_wconf 89' lang='lat' dir='ltr'>Vide</span> <span class='ocrx_word' id='word_1_6' title='bbox 819 302 931 338; x_wconf 81' lang='lat' dir='ltr'>Venus</span> <span class='ocrx_word' id='word_1_7' title='bbox 959 297 1058 339; x_wconf 81' lang='lat' dir='ltr'>infra.</span> <span class='ocrx_word' id='word_1_8' title='bbox 1111 301 1173 340; x_wconf 87' lang='lat' dir='ltr'>Ab</span> <span class='ocrx_word' id='word_1_9' title='bbox 1198 301 1291 341; x_wconf 82' lang='lat' dir='ltr'>Abre</span> 
     </span>
     <span class='ocr_line' id='line_1_3' title="bbox 197 350 1268 402; baseline 0.001 -13"><span class='ocrx_word' id='word_1_10' title='bbox 197 364 348 402; x_wconf 82' lang='lat' dir='ltr'>quoque</span> <span class='ocrx_word' id='word_1_11' title='bbox 373 351 514 396; x_wconf 76' lang='lat' dir='ltr'>Africa,</span> <span class='ocrx_word' id='word_1_12' title='bbox 543 351 641 400; x_wconf 82' lang='lat' dir='ltr'>quasi</span> <span class='ocrx_word' id='word_1_13' title='bbox 665 350 792 398; x_wconf 74' lang='lat' dir='ltr'>Litus,</span> <span class='ocrx_word' id='word_1_14' title='bbox 818 351 939 390; x_wconf 87' lang='lat' dir='ltr'>Terra</span> <span class='ocrx_word' id='word_1_15' title='bbox 966 363 1070 401; x_wconf 86' lang='lat' dir='ltr'>aquae</span> <span class='ocrx_word' id='word_1_16' title='bbox 1092 351 1268 400; x_wconf 79' lang='lat' dir='ltr'>adjacens.</span> 
     </span>
    </p>
   </div>
   <div class='ocr_carea' id='block_1_3' title="bbox 194 445 1292 595">
    <p class='ocr_par' dir='ltr' id='par_1_3' title="bbox 194 445 1292 595">
     <span class='ocr_line' id='line_1_4' title="bbox 290 445 1291 497; baseline 0.002 -13"><span class='ocrx_word' id='word_1_17' title='bbox 290 445 422 493; x_wconf 71' lang='lat' dir='ltr'>Majus</span> <span class='ocrx_word' id='word_1_18' title='bbox 442 459 461 482; x_wconf 84' lang='lat' dir='ltr'>a</span> <span class='ocrx_word' id='word_1_19' title='bbox 477 447 685 492; x_wconf 71' lang='lat' dir='ltr'>MAJALES,</span> <span class='ocrx_word' id='word_1_20' title='bbox 712 448 827 493; x_wconf 83' lang='lat' dir='ltr'>mitis,</span> <span class='ocrx_word' id='word_1_21' title='bbox 841 446 1000 495; x_wconf 85' lang='lat' dir='ltr'>tepidus,</span> <span class='ocrx_word' id='word_1_22' title='bbox 1020 446 1169 494; x_wconf 84' lang='lat' dir='ltr'>calidus,</span> <span class='ocrx_word' id='word_1_23' title='bbox 1187 446 1291 497; x_wconf 82' lang='lat' dir='ltr'>quod</span> 
     </span>
     <span class='ocr_line' id='line_1_5' title="bbox 196 494 1292 546; baseline 0.001 -12"><span class='ocrx_word' id='word_1_24' title='bbox 196 498 420 535; x_wconf 77' lang='lat' dir='ltr'>vocabulum</span> <span class='ocrx_word' id='word_1_25' title='bbox 449 497 566 545; x_wconf 84' lang='lat' dir='ltr'>Lapp.</span> <span class='ocrx_word' id='word_1_26' title='bbox 599 499 633 533; x_wconf 88' lang='lat' dir='ltr'>in</span> <span class='ocrx_word' id='word_1_27' title='bbox 664 498 788 545; x_wconf 84' lang='lat' dir='ltr'>primis</span> <span class='ocrx_word' id='word_1_28' title='bbox 816 494 987 546; x_wconf 86' lang='lat' dir='ltr'>usurpant</span> <span class='ocrx_word' id='word_1_29' title='bbox 1021 496 1066 534; x_wconf 88' lang='lat' dir='ltr'>de</span> <span class='ocrx_word' id='word_1_30' title='bbox 1095 499 1183 534; x_wconf 81' lang='lat' dir='ltr'>coeli</span> <span class='ocrx_word' id='word_1_31' title='bbox 1209 506 1292 535; x_wconf 82' lang='lat' dir='ltr'>tem·</span> 
     </span>
     <span class='ocr_line' id='line_1_6' title="bbox 194 545 1292 595; baseline 0.001 -10"><span class='ocrx_word' id='word_1_32' title='bbox 194 550 314 595; x_wconf 72' lang='lat' dir='ltr'>peu-ie,</span> <span class='ocrx_word' id='word_1_33' title='bbox 341 546 443 594; x_wconf 87' lang='lat' dir='ltr'>cujus</span> <span class='ocrx_word' id='word_1_34' title='bbox 470 547 698 595; x_wconf 71' lang='lat' dir='ltr'>gratissimus</span> <span class='ocrx_word' id='word_1_35' title='bbox 729 549 764 584; x_wconf 88' lang='lat' dir='ltr'>in</span> <span class='ocrx_word' id='word_1_36' title='bbox 793 547 865 585; x_wconf 85' lang='lat' dir='ltr'>hoc</span> <span class='ocrx_word' id='word_1_37' title='bbox 893 545 1012 586; x_wconf 71' lang='lat' dir='ltr'>meust:</span> <span class='ocrx_word' id='word_1_38' title='bbox 1045 547 1190 586; x_wconf 85' lang='lat' dir='ltr'>habitus</span> <span class='ocrx_word' id='word_1_39' title='bbox 1217 549 1292 586; x_wconf 85' lang='lat' dir='ltr'>cui-</span> 
     </span>
    </p>
   </div>
   <div class='ocr_carea' id='block_1_4' title="bbox 194 598 423 636">
    <p class='ocr_par' dir='ltr' id='par_1_4' title="bbox 194 598 423 636">
     <span class='ocr_line' id='line_1_7' title="bbox 194 598 423 636; baseline 0.004 -1"><span class='ocrx_word' id='word_1_40' title='bbox 194 600 248 635; x_wconf 92' lang='lat' dir='ltr'>vis</span> <span class='ocrx_word' id='word_1_41' title='bbox 277 598 423 636; x_wconf 67' lang='lat' dir='ltr'>obvim.</span> 
     </span>
    </p>
   </div>
   <div class='ocr_carea' id='block_1_5' title="bbox 182 692 1291 1398">
    <p class='ocr_par' dir='ltr' id='par_1_5' title="bbox 182 692 1291 1398">
     <span class='ocr_line' id='line_1_8' title="bbox 297 692 1290 742; baseline 0 -11"><span class='ocrx_word' id='word_1_42' title='bbox 297 692 415 742; x_wconf 86' lang='lat' dir='ltr'>Etjam</span> <span class='ocrx_word' id='word_1_43' title='bbox 444 692 645 731; x_wconf 77' lang='lat' dir='ltr'>Calendarii</span> <span class='ocrx_word' id='word_1_44' title='bbox 676 694 857 732; x_wconf 85' lang='lat' dir='ltr'>recentius</span> <span class='ocrx_word' id='word_1_45' title='bbox 897 704 1031 731; x_wconf 88' lang='lat' dir='ltr'>nomen</span> <span class='ocrx_word' id='word_1_46' title='bbox 1074 693 1290 742; x_wconf 58' lang='lat' dir='ltr'>Almanam,</span> 
     </span>
     <span class='ocr_line' id='line_1_9' title="bbox 192 741 1291 794; baseline -0.001 -12"><span class='ocrx_word' id='word_1_47' title='bbox 192 757 265 794; x_wconf 77' lang='lat' dir='ltr'>qua</span> <span class='ocrx_word' id='word_1_48' title='bbox 287 757 379 782; x_wconf 87' lang='lat' dir='ltr'>voce</span> <span class='ocrx_word' id='word_1_49' title='bbox 408 744 656 792; x_wconf 51' lang='lat' dir='ltr'>praedictiones</span> <span class='ocrx_word' id='word_1_50' title='bbox 699 756 823 781; x_wconf 84' lang='lat' dir='ltr'>rerum</span> <span class='ocrx_word' id='word_1_51' title='bbox 855 745 1146 791; x_wconf 84' lang='lat' dir='ltr'>contingentium</span> <span class='ocrx_word' id='word_1_52' title='bbox 1173 756 1217 780; x_wconf 86' lang='lat' dir='ltr'>ex</span> <span class='ocrx_word' id='word_1_53' title='bbox 1242 741 1291 781; x_wconf 90' lang='lat' dir='ltr'>se-</span> 
     </span>
     <span class='ocr_line' id='line_1_10' title="bbox 191 791 1290 843; baseline -0.001 -11"><span class='ocrx_word' id='word_1_54' title='bbox 191 799 243 832; x_wconf 83' lang='lat' dir='ltr'>rie</span> <span class='ocrx_word' id='word_1_55' title='bbox 266 795 445 832; x_wconf 79' lang='lat' dir='ltr'>menfium</span> <span class='ocrx_word' id='word_1_56' title='bbox 473 791 672 842; x_wconf 76' lang='lat' dir='ltr'>defignasse</span> <span class='ocrx_word' id='word_1_57' title='bbox 701 794 903 843; x_wconf 78' lang='lat' dir='ltr'>AEgypt10s</span> <span class='ocrx_word' id='word_1_58' title='bbox 934 806 976 830; x_wconf 81' lang='lat' dir='ltr'>ex</span> <span class='ocrx_word' id='word_1_59' title='bbox 996 794 1206 842; x_wconf 82' lang='lat' dir='ltr'>Porphyrio</span> <span class='ocrx_word' id='word_1_60' title='bbox 1223 793 1290 832; x_wconf 88' lang='lat' dir='ltr'>do·</span> 
     </span>
     <span class='ocr_line' id='line_1_11' title="bbox 189 841 1287 893; baseline -0.001 -11"><span class='ocrx_word' id='word_1_61' title='bbox 189 856 261 889; x_wconf 89' lang='lat' dir='ltr'>cet,</span> <span class='ocrx_word' id='word_1_62' title='bbox 290 847 405 881; x_wconf 88' lang='lat' dir='ltr'>immo</span> <span class='ocrx_word' id='word_1_63' title='bbox 428 843 563 893; x_wconf 89' lang='lat' dir='ltr'>probat</span> <span class='ocrx_word' id='word_1_64' title='bbox 597 841 859 887; x_wconf 82' lang='lat' dir='ltr'>Dusohesnius,</span> <span class='ocrx_word' id='word_1_65' title='bbox 889 855 910 880; x_wconf 91' lang='lat' dir='ltr'>a</span> <span class='ocrx_word' id='word_1_66' title='bbox 938 843 1109 893; x_wconf 86' lang='lat' dir='ltr'>Lappon.</span> <span class='ocrx_word' id='word_1_67' title='bbox 1144 845 1287 889; x_wconf 79' lang='lat' dir='ltr'>ALME,</span> 
     </span>
     <span class='ocr_line' id='line_1_12' title="bbox 190 894 1289 944; baseline 0 -12"><span class='ocrx_word' id='word_1_68' title='bbox 190 895 376 942; x_wconf 66' lang='lat' dir='ltr'>Coe&#39;lum,</span> <span class='ocrx_word' id='word_1_69' title='bbox 405 894 630 944; x_wconf 80' lang='lat' dir='ltr'>probabilius</span> <span class='ocrx_word' id='word_1_70' title='bbox 668 894 884 937; x_wconf 83' lang='lat' dir='ltr'>deducitur,</span> <span class='ocrx_word' id='word_1_71' title='bbox 922 905 1033 943; x_wconf 86' lang='lat' dir='ltr'>quam</span> <span class='ocrx_word' id='word_1_72' title='bbox 1061 906 1081 931; x_wconf 87' lang='lat' dir='ltr'>a</span> <span class='ocrx_word' id='word_1_73' title='bbox 1110 894 1289 943; x_wconf 74' lang='lat' dir='ltr'>composi-</span> 
     </span>
     <span class='ocr_line' id='line_1_13' title="bbox 189 944 1289 993; baseline 0 -11"><span class='ocrx_word' id='word_1_74' title='bbox 189 947 233 983; x_wconf 86' lang='lat' dir='ltr'>tis</span> <span class='ocrx_word' id='word_1_75' title='bbox 262 946 325 982; x_wconf 88' lang='lat' dir='ltr'>illis</span> <span class='ocrx_word' id='word_1_76' title='bbox 365 944 478 982; x_wconf 85' lang='lat' dir='ltr'>Arab.</span> <span class='ocrx_word' id='word_1_77' title='bbox 508 945 722 993; x_wconf 68' lang='lat' dir='ltr'>Graecisque</span> <span class='ocrx_word' id='word_1_78' title='bbox 753 944 962 988; x_wconf 85' lang='lat' dir='ltr'>vocabulis,</span> <span class='ocrx_word' id='word_1_79' title='bbox 998 955 1080 993; x_wconf 78' lang='lat' dir='ltr'>quae</span> <span class='ocrx_word' id='word_1_80' title='bbox 1109 944 1224 992; x_wconf 87' lang='lat' dir='ltr'>vulgo</span> <span class='ocrx_word' id='word_1_81' title='bbox 1250 946 1289 982; x_wconf 89' lang='lat' dir='ltr'>in</span> 
     </span>
     <span class='ocr_line' id='line_1_14' title="bbox 186 993 1288 1044; baseline -0.001 -11"><span class='ocrx_word' id='word_1_82' title='bbox 186 995 265 1044; x_wconf 82' lang='lat' dir='ltr'>ejus</span> <span class='ocrx_word' id='word_1_83' title='bbox 289 996 421 1033; x_wconf 77' lang='lat' dir='ltr'>natales</span> <span class='ocrx_word' id='word_1_84' title='bbox 452 997 595 1033; x_wconf 80' lang='lat' dir='ltr'>excitari</span> <span class='ocrx_word' id='word_1_85' title='bbox 624 993 735 1033; x_wconf 80' lang='lat' dir='ltr'>solent</span> <span class='ocrx_word' id='word_1_86' title='bbox 763 998 793 1043; x_wconf 89' lang='lat' dir='ltr'>I)</span> <span class='ocrx_word' id='word_1_87' title='bbox 821 996 929 1039; x_wconf 80' lang='lat' dir='ltr'>NAK,</span> <span class='ocrx_word' id='word_1_88' title='bbox 954 995 1074 1033; x_wconf 77' lang='lat' dir='ltr'>NAKK</span> <span class='ocrx_word' id='word_1_89' title='bbox 1103 995 1153 1032; x_wconf 87' lang='lat' dir='ltr'>est</span> <span class='ocrx_word' id='word_1_90' title='bbox 1179 996 1288 1043; x_wconf 86' lang='lat' dir='ltr'>parti-</span> 
     </span>
     <span class='ocr_line' id='line_1_15' title="bbox 186 1043 1287 1097; baseline -0.003 -12"><span class='ocrx_word' id='word_1_91' title='bbox 186 1047 288 1092; x_wconf 83' lang='lat' dir='ltr'>cula,</span> <span class='ocrx_word' id='word_1_92' title='bbox 319 1058 420 1097; x_wconf 78' lang='lat' dir='ltr'>quae,</span> <span class='ocrx_word' id='word_1_93' title='bbox 448 1058 488 1083; x_wconf 87' lang='lat' dir='ltr'>ut</span> <span class='ocrx_word' id='word_1_94' title='bbox 514 1045 731 1083; x_wconf 80' lang='lat' dir='ltr'>adverbium</span> <span class='ocrx_word' id='word_1_95' title='bbox 760 1046 939 1095; x_wconf 82' lang='lat' dir='ltr'>qualitatis</span> <span class='ocrx_word' id='word_1_96' title='bbox 956 1075 969 1092; x_wconf 92' lang='lat'><em>‚</em></span> <span class='ocrx_word' id='word_1_97' title='bbox 1005 1045 1159 1083; x_wconf 90' lang='lat' dir='ltr'>vocibus</span> <span class='ocrx_word' id='word_1_98' title='bbox 1187 1043 1287 1082; x_wconf 83' lang='lat' dir='ltr'>addi.</span> 
     </span>
     <span class='ocr_line' id='line_1_16' title="bbox 188 1096 1286 1145; baseline -0.004 -9"><span class='ocrx_word' id='word_1_99' title='bbox 188 1109 271 1142; x_wconf 91' lang='lat' dir='ltr'>tur,</span> <span class='ocrx_word' id='word_1_100' title='bbox 300 1110 330 1134; x_wconf 87' lang='lat' dir='ltr'>e.</span> <span class='ocrx_word' id='word_1_101' title='bbox 353 1108 394 1145; x_wconf 82' lang='lat' dir='ltr'>g.</span> <span class='ocrx_word' id='word_1_102' title='bbox 422 1096 746 1142; x_wconf 75' lang='lat' dir='ltr'>WuomNONAKK,</span> <span class='ocrx_word' id='word_1_103' title='bbox 771 1097 987 1142; x_wconf 70' lang='lat' dir='ltr'>Evidentes,</span> <span class='ocrx_word' id='word_1_104' title='bbox 1009 1096 1124 1143; x_wconf 86' lang='lat' dir='ltr'>modo</span> <span class='ocrx_word' id='word_1_105' title='bbox 1146 1097 1286 1133; x_wconf 85' lang='lat' dir='ltr'>unicui-</span> 
     </span>
     <span class='ocr_line' id='line_1_17' title="bbox 184 1144 1291 1197; baseline -0.003 -12"><span class='ocrx_word' id='word_1_106' title='bbox 184 1159 260 1197; x_wconf 88' lang='lat' dir='ltr'>que</span> <span class='ocrx_word' id='word_1_107' title='bbox 284 1147 487 1197; x_wconf 85' lang='lat' dir='ltr'>perspicuo.</span> <span class='ocrx_word' id='word_1_108' title='bbox 538 1144 657 1194; x_wconf 75' lang='lat' dir='ltr'>Etjam</span> <span class='ocrx_word' id='word_1_109' title='bbox 694 1147 798 1190; x_wconf 85' lang='lat' dir='ltr'>alias,</span> <span class='ocrx_word' id='word_1_110' title='bbox 837 1159 876 1184; x_wconf 88' lang='lat' dir='ltr'>ut</span> <span class='ocrx_word' id='word_1_111' title='bbox 912 1144 1042 1193; x_wconf 85' lang='lat' dir='ltr'>syllaba</span> <span class='ocrx_word' id='word_1_112' title='bbox 1077 1146 1210 1190; x_wconf 83' lang='lat' dir='ltr'>finalis,</span> <span class='ocrx_word' id='word_1_113' title='bbox 1237 1144 1291 1183; x_wconf 90' lang='lat' dir='ltr'>lo·</span> 
     </span>
     <span class='ocr_line' id='line_1_18' title="bbox 184 1196 1288 1245; baseline -0.003 -9"><span class='ocrx_word' id='word_1_114' title='bbox 184 1211 274 1237; x_wconf 85' lang='lat' dir='ltr'>cum</span> <span class='ocrx_word' id='word_1_115' title='bbox 303 1198 431 1240; x_wconf 82' lang='lat' dir='ltr'>habet,</span> <span class='ocrx_word' id='word_1_116' title='bbox 462 1211 492 1236; x_wconf 91' lang='lat' dir='ltr'>e.</span> <span class='ocrx_word' id='word_1_117' title='bbox 521 1208 558 1245; x_wconf 87' lang='lat' dir='ltr'>g.</span> <span class='ocrx_word' id='word_1_118' title='bbox 596 1198 793 1245; x_wconf 58' lang='lat' dir='ltr'>mmmm,</span> <span class='ocrx_word' id='word_1_119' title='bbox 825 1198 945 1234; x_wconf 87' lang='lat' dir='ltr'>Canis.</span> <span class='ocrx_word' id='word_1_120' title='bbox 973 1196 1011 1233; x_wconf 88' lang='lat' dir='ltr'>Si</span> <span class='ocrx_word' id='word_1_121' title='bbox 1035 1197 1120 1233; x_wconf 89' lang='lat' dir='ltr'>huic</span> <span class='ocrx_word' id='word_1_122' title='bbox 1147 1196 1288 1234; x_wconf 83' lang='lat' dir='ltr'>deriva-</span> 
     </span>
     <span class='ocr_line' id='line_1_19' title="bbox 186 1246 1289 1297; baseline -0.005 -10"><span class='ocrx_word' id='word_1_123' title='bbox 186 1251 274 1287; x_wconf 87' lang='lat' dir='ltr'>tioni</span> <span class='ocrx_word' id='word_1_124' title='bbox 301 1247 514 1297; x_wconf 80' lang='lat' dir='ltr'>regesseris,</span> <span class='ocrx_word' id='word_1_125' title='bbox 537 1248 671 1284; x_wconf 85' lang='lat' dir='ltr'>nullam</span> <span class='ocrx_word' id='word_1_126' title='bbox 698 1247 797 1296; x_wconf 83' lang='lat' dir='ltr'>apud</span> <span class='ocrx_word' id='word_1_127' title='bbox 827 1247 1025 1296; x_wconf 84' lang='lat' dir='ltr'>Lappones</span> <span class='ocrx_word' id='word_1_128' title='bbox 1064 1246 1154 1283; x_wconf 88' lang='lat' dir='ltr'>coeli</span> <span class='ocrx_word' id='word_1_129' title='bbox 1195 1247 1289 1294; x_wconf 85' lang='lat' dir='ltr'>peri-</span> 
     </span>
     <span class='ocr_line' id='line_1_20' title="bbox 182 1296 1287 1349; baseline -0.002 -13"><span class='ocrx_word' id='word_1_130' title='bbox 182 1301 290 1343; x_wconf 80' lang='lat' dir='ltr'>tiam,</span> <span class='ocrx_word' id='word_1_131' title='bbox 321 1301 483 1349; x_wconf 78' lang='lat' dir='ltr'>potiores</span> <span class='ocrx_word' id='word_1_132' title='bbox 508 1309 710 1345; x_wconf 84' lang='lat' dir='ltr'>corporum</span> <span class='ocrx_word' id='word_1_133' title='bbox 740 1297 948 1335; x_wconf 84' lang='lat' dir='ltr'>coelestium</span> <span class='ocrx_word' id='word_1_134' title='bbox 962 1296 1222 1347; x_wconf 77' lang='lat' dir='ltr'>appellationes</span> <span class='ocrx_word' id='word_1_135' title='bbox 1241 1308 1287 1334; x_wconf 86' lang='lat' dir='ltr'>ex</span> 
     </span>
     <span class='ocr_line' id='line_1_21' title="bbox 183 1347 956 1398; baseline -0.006 -10"><span class='ocrx_word' id='word_1_136' title='bbox 183 1349 331 1388; x_wconf 88' lang='lat' dir='ltr'>illorum</span> <span class='ocrx_word' id='word_1_137' title='bbox 358 1351 482 1398; x_wconf 85' lang='lat' dir='ltr'>lingua</span> <span class='ocrx_word' id='word_1_138' title='bbox 507 1351 544 1386; x_wconf 85' lang='lat' dir='ltr'>in</span> <span class='ocrx_word' id='word_1_139' title='bbox 571 1347 768 1386; x_wconf 67' lang='lat' dir='ltr'>sublidium</span> <span class='ocrx_word' id='word_1_140' title='bbox 802 1347 956 1386; x_wconf 82' lang='lat' dir='ltr'>vocabo.</span> 
     </span>
    </p>
   </div>
   <div class='ocr_carea' id='block_1_6' title="bbox 180 1442 1286 1632">
    <p class='ocr_par' dir='ltr' id='par_1_6' title="bbox 180 1442 1286 1630">
     <span class='ocr_line' id='line_1_22' title="bbox 299 1442 1284 1493; baseline -0.004 -11"><span class='ocrx_word' id='word_1_141' title='bbox 299 1445 366 1482; x_wconf 89' lang='lat' dir='ltr'>Sol</span> <span class='ocrx_word' id='word_1_142' title='bbox 391 1458 411 1482; x_wconf 90' lang='lat' dir='ltr'>a</span> <span class='ocrx_word' id='word_1_143' title='bbox 435 1445 584 1489; x_wconf 78' lang='lat' dir='ltr'>SOLET‚</span> <span class='ocrx_word' id='word_1_144' title='bbox 611 1443 810 1493; x_wconf 79' lang='lat' dir='ltr'>progredi,</span> <span class='ocrx_word' id='word_1_145' title='bbox 838 1442 936 1480; x_wconf 85' lang='lat' dir='ltr'>unde</span> <span class='ocrx_word' id='word_1_146' title='bbox 958 1442 1190 1484; x_wconf 77' lang='lat' dir='ltr'>KYRSOLET‚</span> <span class='ocrx_word' id='word_1_147' title='bbox 1219 1442 1284 1479; x_wconf 84' lang='lat' dir='ltr'>cir.</span> 
     </span>
     <span class='ocr_line' id='line_1_23' title="bbox 183 1492 1286 1543; baseline -0.003 -10"><span class='ocrx_word' id='word_1_148' title='bbox 183 1497 346 1543; x_wconf 85' lang='lat' dir='ltr'>cumire,</span> <span class='ocrx_word' id='word_1_149' title='bbox 387 1498 423 1534; x_wconf 89' lang='lat' dir='ltr'>in</span> <span class='ocrx_word' id='word_1_150' title='bbox 465 1495 594 1533; x_wconf 81' lang='lat' dir='ltr'>orbern</span> <span class='ocrx_word' id='word_1_151' title='bbox 633 1492 840 1531; x_wconf 83' lang='lat' dir='ltr'>discurrere.</span> <span class='ocrx_word' id='word_1_152' title='bbox 893 1495 994 1536; x_wconf 77' lang='lat' dir='ltr'>KYR‚</span> <span class='ocrx_word' id='word_1_153' title='bbox 1027 1506 1103 1531; x_wconf 82' lang='lat' dir='ltr'>vox</span> <span class='ocrx_word' id='word_1_154' title='bbox 1131 1494 1286 1542; x_wconf 82' lang='lat' dir='ltr'>peranti-</span> 
     </span>
     <span class='ocr_line' id='line_1_24' title="bbox 180 1540 1286 1630; baseline -0.005 -45"><span class='ocrx_word' id='word_1_155' title='bbox 180 1559 258 1599; x_wconf 86' lang='lat' dir='ltr'>qua</span> <span class='ocrx_word' id='word_1_156' title='bbox 285 1549 444 1591; x_wconf 79' lang='lat' dir='ltr'>circum,</span> <span class='ocrx_word' id='word_1_157' title='bbox 471 1547 571 1584; x_wconf 89' lang='lat' dir='ltr'>Suet.</span> <span class='ocrx_word' id='word_1_158' title='bbox 599 1546 760 1593; x_wconf 79' lang='lat' dir='ltr'>omkring</span> <span class='ocrx_word' id='word_1_159' title='bbox 788 1555 928 1583; x_wconf 84' lang='lat' dir='ltr'>notans.</span> <span class='ocrx_word' id='word_1_160' title='bbox 962 1544 1023 1582; x_wconf 85' lang='lat' dir='ltr'>Ex·</span> <span class='ocrx_word' id='word_1_161' title='bbox 1049 1541 1158 1592; x_wconf 84' lang='lat' dir='ltr'>hujus</span> <span class='ocrx_word' id='word_1_162' title='bbox 1185 1540 1286 1630; x_wconf 58' lang='lat' dir='ltr'>fanlii-</span> 
     </span>
    </p>

    <p class='ocr_par' dir='ltr' id='par_1_7' title="bbox 1236 1604 1283 1632">
     <span class='ocr_line' id='line_1_25' title="bbox 1236 1604 1283 1632; baseline 0.043 -2"><span class='ocrx_word' id='word_1_163' title='bbox 1236 1604 1283 1632; x_wconf 71' lang='lat' dir='ltr'>ia</span> 
     </span>
    </p>
   </div>
   <div class='ocr_carea' id='block_1_7' title="bbox 179 1723 1285 1907">
    <p class='ocr_par' dir='ltr' id='par_1_8' title="bbox 179 1723 1285 1907">
     <span class='ocr_line' id='line_1_26' title="bbox 210 1723 1285 1770; baseline -0.007 -11"><span class='ocrx_word' id='word_1_164' title='bbox 210 1757 212 1759; x_wconf 79' lang='grc'>,</span> <span class='ocrx_word' id='word_1_165' title='bbox 268 1728 298 1770; x_wconf 68' lang='lat'>1)</span> <span class='ocrx_word' id='word_1_166' title='bbox 324 1727 394 1760; x_wconf 75' lang='lat' dir='ltr'>vid.</span> <span class='ocrx_word' id='word_1_167' title='bbox 432 1728 555 1758; x_wconf 76' lang='lat' dir='ltr'>Wachr.</span> <span class='ocrx_word' id='word_1_168' title='bbox 584 1723 716 1758; x_wconf 72' lang='lat' dir='ltr'>Glossar.</span> <span class='ocrx_word' id='word_1_169' title='bbox 748 1726 779 1756; x_wconf 88' lang='lat' dir='ltr'>in</span> <span class='ocrx_word' id='word_1_170' title='bbox 798 1726 859 1757; x_wconf 76' lang='lat' dir='ltr'>-hac</span> <span class='ocrx_word' id='word_1_171' title='bbox 887 1736 971 1757; x_wconf 87' lang='lat' dir='ltr'>voce.</span> <span class='ocrx_word' id='word_1_172' title='bbox 1032 1723 1132 1755; x_wconf 80' lang='lat' dir='ltr'>Aliam</span> <span class='ocrx_word' id='word_1_173' title='bbox 1165 1732 1285 1766; x_wconf 87' lang='lat' dir='ltr'>quoque</span> 
     </span>
     <span class='ocr_line' id='line_1_27' title="bbox 180 1767 1285 1816; baseline -0.006 -11"><span class='ocrx_word' id='word_1_174' title='bbox 180 1772 289 1816; x_wconf 70' lang='lat' dir='ltr'>linguae</span> <span class='ocrx_word' id='word_1_175' title='bbox 310 1776 340 1805; x_wconf 70' lang='grc' dir='ltr'>ὅ(</span> <span class='ocrx_word' id='word_1_176' title='bbox 362 1774 568 1816; x_wconf 79' lang='lat' dir='ltr'>antiquitatum</span> <span class='ocrx_word' id='word_1_177' title='bbox 583 1771 777 1803; x_wconf 78' lang='lat' dir='ltr'>Arabicarum</span> <span class='ocrx_word' id='word_1_178' title='bbox 804 1769 971 1813; x_wconf 81' lang='lat' dir='ltr'>peritissuni</span> <span class='ocrx_word' id='word_1_179' title='bbox 1000 1767 1184 1800; x_wconf 80' lang='lat' dir='ltr'>adornarunt</span> <span class='ocrx_word' id='word_1_180' title='bbox 1198 1768 1285 1808; x_wconf 75' lang='lat' dir='ltr'>hujus</span> 
     </span>
     <span class='ocr_line' id='line_1_28' title="bbox 180 1813 1284 1862; baseline -0.006 -13"><span class='ocrx_word' id='word_1_181' title='bbox 180 1818 319 1850; x_wconf 83' lang='lat' dir='ltr'>vocabuli</span> <span class='ocrx_word' id='word_1_182' title='bbox 343 1813 597 1862; x_wconf 76' lang='lat' dir='ltr'>explicationem,</span> <span class='ocrx_word' id='word_1_183' title='bbox 622 1815 682 1849; x_wconf 87' lang='lat' dir='ltr'>scil.</span> <span class='ocrx_word' id='word_1_184' title='bbox 711 1829 728 1847; x_wconf 84' lang='lat' dir='ltr'>a</span> <span class='ocrx_word' id='word_1_185' title='bbox 754 1814 936 1847; x_wconf 72' lang='lat' dir='ltr'>calendario</span> <span class='ocrx_word' id='word_1_186' title='bbox 963 1815 1088 1855; x_wconf 78' lang='lat' dir='ltr'>cujusvis</span> <span class='ocrx_word' id='word_1_187' title='bbox 1119 1813 1204 1845; x_wconf 88' lang='lat' dir='ltr'>Anni</span> <span class='ocrx_word' id='word_1_188' title='bbox 1228 1813 1284 1843; x_wconf 84' lang='lat' dir='ltr'>ini-</span> 
     </span>
     <span class='ocr_line' id='line_1_29' title="bbox 179 1854 1285 1907; baseline -0.005 -12"><span class='ocrx_word' id='word_1_189' title='bbox 179 1864 223 1895; x_wconf 76' lang='lat' dir='ltr'>tio</span> <span class='ocrx_word' id='word_1_190' title='bbox 247 1865 375 1907; x_wconf 77' lang='lat' dir='ltr'>Principi</span> <span class='ocrx_word' id='word_1_191' title='bbox 400 1864 512 1896; x_wconf 81' lang='lat' dir='ltr'>oblato.</span> <span class='ocrx_word' id='word_1_192' title='bbox 559 1864 664 1905; x_wconf 87' lang='lat' dir='ltr'>Neque</span> <span class='ocrx_word' id='word_1_193' title='bbox 694 1862 781 1898; x_wconf 84' lang='lat' dir='ltr'>huic,</span> <span class='ocrx_word' id='word_1_194' title='bbox 806 1871 902 1905; x_wconf 84' lang='lat' dir='ltr'>neque</span> <span class='ocrx_word' id='word_1_195' title='bbox 925 1859 1055 1893; x_wconf 78' lang='lat' dir='ltr'>aliorum</span> <span class='ocrx_word' id='word_1_196' title='bbox 1076 1860 1108 1891; x_wconf 84' lang='lat' dir='ltr'>in</span> <span class='ocrx_word' id='word_1_197' title='bbox 1127 1856 1197 1891; x_wconf 69' lang='lat' dir='ltr'>aliis</span> <span class='ocrx_word' id='word_1_198' title='bbox 1223 1854 1285 1890; x_wconf 69' lang='lat' dir='ltr'>sen-</span> 
     </span>
    </p>
   </div>
   <div class='ocr_carea' id='block_1_8' title="bbox 179 1907 778 1949">
    <p class='ocr_par' dir='ltr' id='par_1_9' title="bbox 179 1907 778 1949">
     <span class='ocr_line' id='line_1_30' title="bbox 179 1907 778 1949; baseline -0.005 -9"><span class='ocrx_word' id='word_1_199' title='bbox 179 1910 277 1941; x_wconf 75' lang='lat' dir='ltr'>tentiis</span> <span class='ocrx_word' id='word_1_200' title='bbox 299 1911 404 1942; x_wconf 84' lang='lat' dir='ltr'>nossrae</span> <span class='ocrx_word' id='word_1_201' title='bbox 428 1907 566 1941; x_wconf 79' lang='lat' dir='ltr'>officium</span> <span class='ocrx_word' id='word_1_202' title='bbox 592 1907 778 1949; x_wconf 69' lang='lat' dir='ltr'>conjec‘kurae.</span> 
     </span>
    </p>
   </div>
  </div>
 </body>
</html>
