1877 2625
867 193 1414 245 ssaer-rssss—’ess

597 296 862 335 conficerentur
885 293 1116 343 summopere
1155 292 1276 341 suasit,
1305 305 1380 343 quo
1409 303 1444 331 et
1485 304 1693 343 parceretur

598 346 774 385 sumtibus
801 357 995 394 eapropter
1022 346 1221 394 peregrinis
1248 347 1282 381 in
1311 346 1413 381 terris
1447 356 1548 381 antea
1575 342 1694 388 satus,

598 409 633 434 et
661 399 853 445 praecaveri
883 394 1026 445 possent
1058 394 1293 432 fraudulentae
1326 393 1494 431 Caerussae
1518 405 1553 431 et
1583 396 1697 441 Amy·

598 447 620 484 li
645 447 939 496 composiiiones.
977 447 1073 483 Inter
1096 447 1247 481 Metalla
1276 445 1474 482 Niecolum
1500 441 1622 493 saepius
1646 455 1699 480 re·

599 499 720 546 petitis
745 495 1053 544 explorationibus
1074 493 1234 540 subjecit,
1265 507 1299 531 et
1323 507 1362 531 ut
1387 494 1468 531 inde
1497 495 1634 531 ferrum
1655 491 1701 529 se·

601 558 764 584 cerneret
793 547 947 582 muitum
982 546 1179 587 laboravit,
1219 544 1255 580 id
1295 545 1437 581 tandem
1466 543 1700 589 consecutuS,

601 596 703 646 quod
721 592 921 634 Niceolum
942 594 1056 644 ipsum
1078 596 1324 641 magneticum
1353 594 1582 643 produceret.
1628 594 1702 630 Pla·

601 651 716 684 tinum
733 674 741 689 ,
768 646 987 691 Niccoium‚
1012 644 1229 689 Koboltum,
1254 645 1485 692 Magnesium
1511 642 1702 681 essentialia

602 707 639 734 et
675 694 812 734 diversa
848 694 920 732 esse
947 695 1094 732 Metalla
1128 695 1219 731 adeo
1249 695 1350 731 claris
1390 696 1614 742 argumentis
1645 692 1703 728 de-

602 747 837 786 monstravit,
863 758 902 782 ut
930 747 1169 792 contrariam,
1195 746 1255 792 qui
1285 743 1459 781 fovebant
1479 746 1703 793 opinionem,

604 797 793 835 conviffios
818 794 851 831 se
884 795 1092 832 faterentur.
1159 792 1318 832 Arseuiei
1356 794 1399 831 ad
1428 794 1510 831 alias
1539 796 1703 830 materias

603 847 814 884 relationem
845 848 899 881 via
925 856 996 880 tam
1021 846 1127 886 fleca,
1168 855 1278 892 quam
1306 844 1456 880 humida
1484 843 1624 891 prolixe
1647 854 1706 879 ex-

605 894 737 945 posuit.
791 894 841 931 Ut
868 895 965 930 Ferri
990 905 1109 942 partes
1150 894 1403 930 constituentes
1433 895 1622 929 extricaret
1657 892 1706 928 ul-

606 957 660 983 tra
687 955 741 981 ter
780 956 927 981 cenium
969 946 1305 993 experimentorum
1348 942 1457 979 fidem
1495 941 1708 987 sollicitavit,

605 995 764 1032 multum
785 1006 908 1042 operae
928 992 1106 1031 insumens
1130 995 1163 1030 in
1181 991 1371 1041 fragilitate
1392 991 1622 1043 quarundam
1643 992 1708 1028 hu·

602 1043 662 1092 jus
685 1043 817 1081 metalli
855 1045 1055 1092 specierum
1087 1043 1320 1081 examinanda
1361 1055 1395 1079 et
1429 1043 1455 1079 fi
1484 1042 1561 1079 fieri
1589 1039 1710 1091 posset

605 1094 774 1132 tollenda.
829 1095 961 1131 Praeter
992 1094 1224 1140 Magnesiam
1251 1106 1285 1130 et
1300 1092 1575 1143 plumbaginem
1610 1093 1708 1128 terro

606 1144 789 1181 interdum
815 1146 956 1181 unitum
981 1143 1218 1192 deprehendit
1241 1145 1398 1180 Zincum
1427 1155 1462 1179 et
1479 1141 1709 1186 Arsenieum,

608 1196 725 1231 immo
753 1207 798 1230 ex
830 1206 950 1231 mente
990 1193 1220 1231 LAVO151ER1
1258 1206 1358 1230 extra
1388 1192 1540 1229 dubium
1575 1190 1709 1241 posuit,

609 1243 748 1280 ferrum
777 1244 867 1284 tale,
899 1244 1004 1292 quaie
1032 1256 1075 1279 ex
1105 1242 1269 1279 Offieinis
1302 1243 1450 1292 prodire
1479 1241 1586 1289 ibler,
1622 1243 1711 1278 mix-

611 1304 731 1330 turam
769 1295 955 1329 continere
997 1291 1271 1329 substantiarum
1318 1293 1600 1338 metallicarum‚
1639 1303 1712 1340 qua

611 1354 784 1391 magnam
813 1354 952 1390 partem
978 1342 1097 1379 adhuc
1122 1344 1399 1389 incognitarum.
1428 1342 1584 1378 Cuinam
1613 1354 1712 1379 caus·

612 1390 654 1429 sae
668 1390 897 1429 adscribenda
921 1390 1010 1429 esset
1035 1392 1231 1440 praestantia
1248 1392 1421 1439 Chalybis
1443 1404 1462 1428 e
1480 1393 1627 1428 mineris
1644 1390 1713 1427 fer-

612 1444 642 1479 ri
662 1440 750 1478 albis
772 1440 857 1484 fufi,
886 1454 1003 1490 usque
1028 1442 1072 1478 ad
1098 1454 1178 1479 ann.
1197 1453 1445 1479 MDCCLXXIV.
1461 1441 1711 1488 ignorabatur.

613 1491 751 1529 Prodiit
778 1502 863 1528 tunc
898 1491 1049 1539 Upsaiiae
1079 1491 1124 1528 de
1155 1492 1210 1529 his
1238 1495 1384 1529 mineri5
1419 1491 1636 1539 dissertatio,
1663 1503 1708 1527 ex

614 1540 785 1580 sententia
821 1542 970 1579 Celebb.
1009 1543 1293 1583 Chemicorum‚
1338 1544 1430 1579 inter
1457 1543 1712 1588 BERGMANNJ,

614 1594 783 1641 princeps
818 1589 920 1628 facile
953 1592 1126 1634 dicenda,
1163 1594 1198 1628 in
1238 1603 1309 1641 qua
1338 1592 1507 1641 probavit
1544 1593 1715 1630 excellen-

615 1644 701 1679 tiam
726 1642 827 1678 istam
858 1641 979 1679 deberi
1018 1641 1179 1678 admixto
1214 1639 1466 1686 semimetallo,
1496 1642 1714 1689 Magnesio,

615 1691 719 1740 quod
748 1690 825 1727 eod.
849 1704 880 1728 a.
902 1705 921 1728 e
952 1692 1137 1738 Magnesia
1165 1693 1268 1738 nigra
1295 1692 1527 1729 intentissimo
1551 1694 1634 1739 igne
1658 1693 1716 1728 eli-

617 1743 744 1791 quavit
771 1740 894 1779 Celeb.
921 1742 1070 1784 GAHM,
1096 1753 1115 1777 a
1144 1741 1396 1780 BERGMANNO
1424 1741 1545 1790 paullo
1571 1743 1649 1789 post
1679 1745 1715 1780 in

617 1793 763 1829 mineris
790 1789 873 1828 ferri
899 1792 967 1828 albi
996 1789 1245 1838 observatum,
1271 1805 1310 1829 ea
1340 1804 1411 1828 non
1441 1803 1626 1840 nunquam
1654 1804 1715 1831 co-

618 1844 699 1892 pia,
721 1843 809 1880 utin
828 1844 1032 1881 centenario
1053 1843 1197 1890 triginta
1211 1842 1318 1881 libras
1337 1843 1586 1893 aequipararet.
1615 1843 1715 1880 Sta‘n·

1624 1904 1714 1931 num
