1877 2625
872 183 1058 230 “Qi-
1112 180 1185 226 364
1235 178 1421 227 &w

596 278 918 328 complectebatur.
959 277 1066 315 Edita
1092 290 1187 316 anno
1211 287 1387 316 MDCCLV.
1418 272 1567 312 Praeside
1595 271 1692 312 Prof.

596 332 734 369 MART.
757 331 949 368 SrRoMER
964 327 1206 366 dissertatione
1220 332 1258 365 de
1279 326 1522 374 Crepusculis,
1549 323 1693 372 sequen-

598 383 621 418 ti
651 391 745 417 anno
781 375 1063 429 progressuum,
1096 390 1191 429 quos
1224 378 1374 419 fecerat,
1404 387 1553 412 examen
1590 374 1694 411 subiit

598 433 631 466 in
650 430 834 467 Faculiate
849 426 1111 477 Philosophiea‚
1142 440 1222 478 quae
1247 427 1354 465 talem
1378 427 1527 469 invenit,
1549 423 1694 473 qualem

598 483 689 517 inter
735 479 954 517 Candidatos
999 477 1256 527 Pliilosophicae
1298 477 1425 512 laureae
1466 473 1694 522 dignissimos

599 529 725 565 lubens
754 529 912 566 referret.
949 526 1100 577 Upsaliae
1131 540 1218 564 vero
1247 538 1358 577 quam
1388 525 1432 563 fic
1461 523 1507 561 sat
1535 524 1694 560 testatam

599 579 803 617 reddiderat
837 579 1082 626 diligentiam,
1125 577 1257 616 eodem
1301 588 1395 613 anno
1435 574 1695 611 Stockbolmiae

599 642 697 666 novo
727 630 931 678 Specimine
956 626 1136 677 patefecit.
1188 631 1331 665 Coccum
1362 625 1408 662 sic
1431 624 1566 661 dietum
1596 636 1697 670 aqua·

600 681 705 717 ticum
731 680 851 716 herbis
888 690 922 715 et
959 677 1150 716 aiboribus
1190 675 1253 714 sub
1296 687 1389 724 aqua
1431 675 1698 713 adhaerentem,

600 741 715 766 ovum
746 727 818 765 esse
843 729 1050 769 Hirudinis,
1081 741 1100 764 e
1128 739 1204 776 quo
1234 725 1357 763 senfim
1385 736 1422 761 x.
1452 736 1514 760 aut
1541 734 1593 760 xi.
1620 733 1698 759 ver-

599 779 722 815 miculi
759 790 975 826 erumpunt,
1006 778 1175 825 peculiari
1211 777 1518 815 commentatione
1554 773 1698 813 docuit,

600 839 734 875 quam,
763 827 830 864 suis
855 827 1073 864 inserendam
1099 826 1204 866 Attis
1234 828 1324 873 Reg.
1349 826 1479 862 Scient.
1502 821 1700 861 Academia

600 878 752 914 Stockh.
780 888 824 913 eo
864 876 1029 913 libentius
1070 875 1252 918 decrevit,
1292 886 1409 924 quum
1453 884 1488 910 et
1533 871 1700 908 suadente

601 926 769 964 L1NNAE0
796 926 1000 963 inchoatam
1030 925 1102 963 esse
1130 935 1301 970 noverat,
1329 935 1363 961 et
1386 934 1467 972 qua:
1494 920 1702 960 continebat

599 976 738 1024 singula
764 988 848 1013 vera
878 987 1029 1026 quoque
1054 974 1218 1013 summus
1253 974 1312 1011 Ille
1339 973 1471 1011 arbiter
1499 971 1701 1009 declarave-

600 1038 674 1069 rat,
703 1026 832 1064 additis
855 1025 996 1064 verbis:
1031 1027 1111 1063 Vidi
1138 1034 1172 1062 et
1201 1024 1370 1072 obstupui.
1421 1023 1504 1059 Ova
1532 1022 1592 1058 ista
1621 1032 1701 1058 exa-

601 1078 750 1113 minanti
782 1077 1028 1114 BERGMANNO
1064 1078 1294 1112 innotuerant
1319 1085 1389 1112 una
1417 1083 1604 1110 momenta
1634 1070 1700 1107 alia

601 1126 695 1163 bene
717 1126 849 1170 multa,
878 1138 960 1175 quae
987 1125 1165 1169 indolem,
1189 1124 1345 1161 formam
1370 1135 1405 1161 et
1425 1122 1638 1160 strufituram
1653 1122 1701 1157 in·

603 1186 743 1213 ternam
767 1176 991 1213 Hirudinum
1021 1174 1243 1224 spectabant,
1280 1185 1391 1222 quare
1419 1172 1533 1209 eidem
1564 1170 1700 1207 Acade-

601 1227 683 1262 miae
712 1227 841 1273 integri
871 1225 1059 1268 transsatus,
1091 1226 1188 1261 hunc
1219 1225 1410 1260 Vermium
1436 1222 1599 1260 ordinem
1628 1221 1700 1257 illu-

602 1275 763 1322 mantis,
789 1277 945 1323 primam
984 1286 1123 1322 partem
1163 1272 1319 1322 sequenti
1357 1285 1452 1309 anno
1489 1271 1638 1315 obtulit,
1666 1282 1699 1307 in

602 1335 674 1373 qua
699 1322 863 1361 confusas
890 1335 991 1360 antea
1017 1326 1191 1366 invicem,
1222 1334 1284 1359 aut
1311 1324 1511 1369 incognitas
1545 1319 1601 1357 sex
1628 1319 1697 1369 spe·

601 1377 690 1418 cies,
714 1374 1263 1420 medicinalem,sanguisugam,
1295 1370 1701 1419 odiorulutam‚stagna-

602 1427 685 1466 lem,
712 1427 963 1470 complanatam
990 1435 1025 1460 et
1044 1431 1260 1470 geometram
1283 1422 1439 1459 indubiis
1468 1422 1561 1457 notis
1585 1420 1701 1457 distin-

600 1474 651 1510 xit
680 1484 714 1509 et
740 1470 933 1522 descripsit.
969 1472 1053 1524 Qua
1078 1471 1245 1509 laudabili
1269 1484 1380 1521 opera
1398 1470 1622 1509 occasionem
1643 1470 1700 1506 de-

602 1522 653 1559 dit
678 1522 760 1567 iliis,
793 1533 873 1571 quae
897 1523 1078 1572 copiosius
1107 1521 1189 1559 dein
1221 1521 1465 1570 exposuerunt
1485 1521 1648 1557 GISSLER
1667 1531 1701 1556 et

603 1573 815 1615 SALOMON,
845 1572 889 1609 de
932 1571 995 1610 usu
1038 1571 1182 1609 medico
1210 1572 1458 1615 Hirudinum,
1482 1572 1615 1607 exteris
1653 1569 1699 1606 ab

603 1624 675 1658 oris
708 1634 809 1658 antea
844 1624 879 1658 in
918 1622 1082 1659 Sveciam
1114 1621 1363 1660 advectarum.
1429 1621 1598 1658 Societati
1638 1632 1701 1656 no·

601 1682 698 1713 strae,
748 1682 829 1720 quae
878 1671 1125 1710 BERGMANNO
1179 1683 1275 1710 anno
1320 1680 1527 1710 MDCCLVH.
1576 1669 1700 1706 locum

600 1722 691 1757 inter
721 1721 884 1759 membra
913 1720 1034 1759 futura
1062 1720 1274 1768 adsignavit,
1287 1722 1420 1760 eodem
1446 1732 1542 1757 anno
1564 1721 1699 1768 primas

601 1771 708 1807 lineas
736 1774 857 1820 operis
886 1772 1053 1809 utilissimi
1084 1770 1269 1820 exhibuit,
1299 1773 1433 1818 Classes
1460 1769 1587 1809 scilieet
1610 1771 1700 1805 Lar-

600 1834 737 1858 varum.
795 1821 944 1860 Constat
984 1824 1081 1860 enim
1120 1821 1236 1860 larvas
1273 1823 1328 1862 vel
1359 1822 1442 1860 ideo
1477 1818 1699 1871 peculiarem

1565 1880 1698 1908 mereri
