1877 2625
427 203 977 252 ἑὲῗὲῑῷςῖν

155 316 350 354 antequam
391 305 551 342 exaffiam
580 304 746 342 dicimur
785 303 860 350 ejus
904 303 1037 341 habere
1071 306 1248 348 notitiam,

155 368 238 444 Fssae
265 358 299 392 in
337 356 496 404 prael'enti
534 368 607 393 tota
643 359 848 393 continetur
894 357 1018 405 paucis
1041 355 1124 402 illis,
1168 367 1249 406 quae

170 418 378 455 equuntur:

157 516 306 553 Habitat
333 515 367 550 in
397 513 549 551 Guineae
577 525 679 563 parte
721 526 783 560 ea,
820 527 901 564 (μη
939 517 1119 563 senegalia
1148 531 1251 556 voca-

253 577 332 607 tur,
363 565 576 610 ADANSON,
611 565 647 601 &
675 567 709 602 in
737 566 866 616 Capite
895 566 1001 604 Bonae
1026 568 1123 616 Spei,
1152 571 1251 609 FOR-

252 626 358 653 sTER.

158 689 274 726 Petite
302 691 406 726 vache
437 693 546 726 brune
581 691 790 726 nominatur
815 702 833 726 a
863 690 974 727 Gallis
1003 692 1037 726 in
1065 689 1251 737 senegalia

256 741 366 776 vitam
398 739 638 787 degentibus,
672 739 707 776 &
733 743 812 776 Kob
833 752 852 777 a
874 741 1019 778 Comite
1033 740 1201 778 BUFFoN.

159 809 413 857 Magnitudine
440 806 516 844 fere
545 807 653 844 Cervi
677 808 812 845 Domae.

162 888 301 934 Corpus
329 886 364 922 in
392 895 526 933 genere
552 895 672 922 totum
696 884 777 934 pilis
798 897 840 921 ex
863 882 945 923 rufo
970 883 1075 922 fuscis
1103 896 1254 923 tectum.

161 959 325 995 Cronium
349 956 451 1006 quod
477 956 522 993 ad
551 969 591 994 os
615 954 744 994 frontis
769 956 880 995 ssmile
919 959 1042 993 cranio
1074 956 1122 992 A.
1159 956 1258 993 Dor·

257 1009 352 1044 cadis
382 1018 491 1051 cet.,†
517 1006 576 1044 sed
605 1006 682 1044 osse
719 1007 790 1044 nafi
829 1007 1093 1057 produffiore3
1121 1019 1141 1043 a
1182 1006 1254 1044 bafi

257 1069 441 1095 cornuum
470 1057 514 1095 ad
540 1060 803 1095 extremitatem
832 1058 901 1095 nafi
931 1071 950 1107 7
993 1058 1140 1105 pollices
1169 1069 1257 1096 eum

257 1108 407 1145 dimidio
435 1109 609 1156 longum,
641 1108 677 1145 &
700 1104 766 1158 per
793 1108 945 1152 orbitas,
975 1107 1035 1145 ubi
1057 1107 1255 1148 crassitudo

258 1156 332 1205 ejus
357 1160 535 1206 maxima,
564 1173 584 1208 3
614 1159 761 1206 pollices
790 1167 812 1203 8
841 1160 948 1196 lineas
977 1157 1147 1207 crassum.

164 1210 301 1247 Orbitae
319 1209 374 1258 ff)
398 1221 512 1246 unum
536 1209 707 1258 pollicem
735 1222 755 1263 ἵ
778 1210 886 1247 lineas
913 1211 1001 1246 latae.

165 1272 269 1308 Sinus
298 1271 496 1308 lacrimales
524 1273 624 1311 nulli.

168 1340 308 1374 Cornua
338 1338 407 1375 alte
442 1339 576 1387 pofita,
602 1342 695 1390 gg),
720 1339 920 1380 secundum
961 1352 1092 1379 eorum
1128 1353 1259 1380 curva-

261 1400 345 1424 men
377 1386 492 1439 ferme
527 1403 568 1438 13
603 1393 752 1439 pollices
779 1394 909 1439 longa,
951 1393 1022 1430 basi
1057 1404 1074 1440 5
1107 1393 1257 1442 pollices

262 1450 348 1474 cum
382 1439 532 1476 dimidio
559 1440 692 1487 crassa,
721 1442 943 1491 reprofimra,
972 1455 1093 1492 prope
1120 1445 1260 1490 teretia,

262 1487 399 1524 inferne
426 1490 650 1539 aliquantum
681 1493 774 1530 ultra
803 1493 966 1531 medium
991 1494 1172 1531 annulata:
1202 1506 1262 1531 an—

263 1539 368 1575 nullis
399 1549 500 1588 buc),
540 1541 713 1592 obliquiS,
747 1546 782 1582 in
815 1556 916 1593 parte
948 1544 1082 1594 postica
1106 1544 1261 1581 diminu-

1202 1606 1261 1642 tis,

180 1696 332 1706 a—-.—

209 1810 211 1812 Ι
253 1769 299 1812 ff)
322 1770 410 1803 Sensu
440 1784 547 1814 nempe
581 1774 761 1805 anatomico.
811 1773 918 1806 Orbita
942 1778 1020 1808 enim
1046 1778 1075 1806 in
1103 1778 1262 1808 Anatoniia

172 1815 210 1846 est
226 1815 284 1857 ipsa
313 1827 368 1857 pro
392 1817 482 1848 oculo
503 1820 595 1848 cranii
618 1820 781 1854 excavatio,
808 1821 838 1850 in
857 1822 988 1853 Historia
1015 1831 1113 1854 autem
1135 1822 1262 1854 naturali

103 1881 119 1905 J
171 1862 255 1904 regio
279 1862 378 1902 potius
401 1873 568 1904 aperturam
592 1864 671 1894 oculi
697 1865 835 1906 proxime
859 1867 1001 1899 ambiens.

259 1931 323 1973 gg)
347 1931 366 1960 i.
387 1942 411 1962 e.
437 1941 501 1974 quae
525 1943 560 1963 ex
584 1930 648 1975 ipso
672 1930 767 1964 ferme
788 1935 881 1966 cranii
903 1936 1015 1968 vertice
1036 1933 1168 1979 surgunt.
