1877 2625
901 163 1426 212 vaossaev

721 257 861 300 scaber,
890 256 1179 306 albo-pallidus,
1216 268 1282 307 per
1313 266 1455 294 aetatem
1489 256 1605 302 magis
1650 253 1712 291 fla-

719 307 918 351 vicundus,
948 319 1035 344 mox
1058 306 1236 345 ramosus:
1261 308 1370 343 ramis
1395 305 1638 344 consimilibus
1656 316 1711 342 ut-

719 359 922 409 plurimum
963 357 1205 405 diehotomis,
1243 355 1390 395 subinde
1425 359 1532 393 etiam
1570 355 1711 404 absque

721 409 847 447 ordine
875 407 1065 457 dispositis,
1095 408 1270 457 porrectis
1297 408 1333 445 &
1361 407 1562 445 divaricatis
1591 418 1711 455 paten-

722 460 886 502 tisfirnis‚
911 471 976 507 per
1009 459 1310 507 prolifieationem
1347 470 1390 495 ex
1428 458 1711 506 apotheciorum

723 521 850 547 centro
878 507 1048 546 inferiori„
1064 511 1195 546 iteratis
1226 508 1367 546 vicibus
1388 508 1636 559 prolongatis,
1661 517 1711 543 at-

723 561 902 607 tenuatis,
927 559 1059 608 passim
1083 559 1285 597 ramulofis.

619 656 813 703 Apothecia
843 657 876 691 in
907 655 1016 691 ramis
1058 652 1183 691 sesfilia
1224 653 1392 703 copiosa,
1432 665 1557 692 centro
1589 651 1713 690 subtus

720 703 827 742 affixa
857 704 894 741 &
934 704 1068 740 ibidem
1110 705 1404 754 appendiculam>
1440 718 1451 742 1
1477 717 1541 748 -2‚
1571 716 1653 740 raro
1690 715 1709 750 3

721 756 830 791 lineas
866 755 953 798 lata,
982 754 1256 792 coricaviuseula
1278 753 1299 793 s]
1328 757 1362 792 in
1391 754 1530 792 ambitu
1557 754 1712 798 reflexa,

720 803 826 853 supra
865 804 902 841 &
932 802 1057 840 subtus
1084 805 1201 848 laevia‚
1238 806 1458 850 concolora,
1493 803 1712 854 (aliquando

721 866 787 904 per
821 866 964 891 aetatem
1004 852 1109 902 supra
1143 854 1370 903 obscuriora)
1398 856 1566 899 minime,
1603 865 1642 891 ut
1677 855 1714 890 in

720 904 991 961 congeneribus
1006 903 1211 956 plerisque,
1236 905 1373 954 ciliata,
1399 904 1458 943 sed
1486 905 1604 952 nuda,
1626 907 1714 941 inte-

721 966 891 1003 gemma.

621 1051 698 1098 Olgfi
727 1049 864 1089 Thallo
892 1051 1094 1099 graciliori,
1130 1050 1272 1095 colore,
1312 1052 1421 1089 ramis
1457 1052 1575 1098 magis
1610 1047 1714 1087 diffu-

720 1101 781 1144 sis,
823 1103 1022 1150 apotheciis
1062 1098 1168 1150 supra
1214 1101 1473 1139 concoloribus
1514 1101 1560 1138 ab
1600 1103 1712 1137 Usnea

720 1155 939 1188 melaxantha
984 1153 1151 1199 (Meth.
1189 1151 1311 1190 Lich.
1360 1153 1397 1189 &
1434 1150 1712 1198 Lichenogr.

720 1200 952 1248 Univers.)
982 1202 1085 1240 valde
1113 1202 1286 1240 distinfita.
1310 1223 1356 1230 —-
1382 1201 1519 1239 Thallo
1549 1200 1713 1238 crasfiori

720 1249 861 1298 rigido,
891 1249 1015 1289 scabro
1043 1264 1115 1290 non
1145 1251 1314 1289 fibrilloso
1340 1252 1378 1289 &
1400 1252 1601 1300 apotheciis
1629 1263 1714 1287 con·

722 1302 819 1338 cavis
848 1300 894 1337 ab
925 1304 966 1338 U.
995 1303 1175 1339 triclzodea
1204 1302 1328 1350 (ibrn.)
1356 1302 1393 1340 8(
1420 1314 1440 1338 a
1468 1302 1613 1351 reliquis
1642 1300 1713 1337 Us-

718 1361 795 1387 neae
826 1350 1043 1398 Speciebus,
1086 1353 1286 1400 apotheciis
1318 1365 1393 1391 non
1430 1351 1551 1391 ciliatis
1587 1352 1714 1390 instru—

720 1399 806 1446 ctis,
835 1400 981 1439 abunde
1007 1399 1139 1439 differt.

771 1604 953 1643 USNEA
978 1607 1150 1644 ceratina.
1185 1608 1283 1647 Tab.
1307 1610 1385 1648 VII.
1415 1611 1497 1659 Fig.
1523 1622 1558 1649 2.

619 1690 668 1730 U.
698 1691 807 1730 thallo
823 1695 945 1739 tereti,
961 1695 1174 1741 asperrimo,
1192 1695 1366 1734 albicante
1390 1698 1438 1735 fib
1447 1697 1584 1743 rilloso,
1601 1700 1710 1736 ramis

719 1743 948 1791 patentibus,
984 1745 1230 1790 dichotomis‚
1265 1747 1463 1795 elongatis,
1505 1749 1711 1798 dependen-

720 1792 836 1843 tibus3
863 1794 1068 1844 apotheciis
1098 1796 1240 1846 peltatis
1270 1799 1525 1847 ‚terminalibus
1564 1797 1709 1850 prolife-

1660 1860 1708 1888 ris
