1877 2625
895 173 1441 221 -ξᾷεγ-ατεᾷτ

623 267 822 305 Volumine
851 265 1031 303 Affiorum
1061 265 1273 314 propediem
1306 265 1446 302 edendo
1486 262 1710 313 surriperem.

622 318 836 355 Verborum
864 328 1003 358 autem,
1042 315 1175 364 quibus
1204 315 1347 353 colores
1379 315 1594 353 lnsefilomm
1625 316 1711 353 indi-

622 369 719 410 cavi,
749 368 951 414 genuinum
979 365 1217 413 significatum
1249 367 1431 415 explicare
1459 377 1608 403 conatus
1634 365 1712 403 sum

620 419 655 454 in
684 417 852 466 peculiari
882 416 1032 454 trafftatu
1061 417 1152 464 Reg.
1180 417 1294 455 Acad.
1326 417 1456 454 Scient.
1485 415 1712 453 Stoekholm.

621 467 800 513 exhibito,
837 466 1007 517 Illiusque
1048 468 1084 505 in
1116 465 1219 504 Affis
1251 479 1345 505 anno
1376 474 1464 512 1813
1497 468 1594 516 typis
1637 466 1713 504 vul-

620 527 721 566 gato.

1037 656 1234 696 DECAS
1270 656 1296 694 Ι.

721 750 750 791 1.
798 752 1032 791 GEOTRUPES
1078 751 1305 801 (Scarabaeus
1347 747 1534 798 Latreille)
1585 751 1713 788 Meles.

829 802 930 840 Tab.
946 803 1008 841 IX.
1039 803 1101 852 fig.
1120 815 1144 840 1.
1172 816 1203 841 a.
1225 803 1287 851 fig.
1304 802 1338 841 b.
1357 802 1511 851 Elytron
1524 813 1598 839 non
1617 803 1714 839 colo-

826 864 893 889 rat.
919 864 1045 900 magn.
1072 865 1189 890 natur.

619 904 792 952 Maricas,
819 910 959 956 piceus,
989 912 1108 959 clypeo
1131 910 1327 954 bidentum,
1359 909 1500 947 thorace
1530 909 1713 944 tuberculo

617 958 790 1048 &gig-ius
803 958 954 998 Habitat
980 961 1017 998 in
1040 960 1158 998 Sierra
1180 958 1319 998 Leone.
1369 958 1551 998 Professor
1581 956 1715 997 Adam.

1057 1081 1278 1131 Defiriptio.

618 1154 764 1193 Statura
792 1157 942 1193 omnino
973 1158 1021 1193 G.
1056 1157 1232 1200 Cuniculi,
1268 1166 1304 1191 at
1327 1153 1441 1203 duplo
1471 1151 1596 1200 major.
1637 1152 1717 1190 To·

620 1216 678 1242 tus
714 1207 851 1254 piceus.
930 1209 1079 1255 Clypeus
1120 1207 1236 1243 amice
1271 1216 1494 1248 attenuatus,
1540 1200 1716 1251 rugosus,

619 1257 721 1304 apice
748 1254 823 1292 fere
851 1254 1168 1301 obtuso-reflexus,
1210 1255 1331 1292 medio
1365 1254 1584 1300 bidentatus,
1611 1256 1718 1291 verti·

620 1318 662 1343 ce
702 1307 929 1343 transversim
966 1305 1167 1354 impressus.
1250 1306 1396 1342 Thorax
1440 1317 1505 1353 per
1552 1304 1715 1341 medium

620 1354 734 1403 duplo
774 1355 880 1392 latior
921 1367 1032 1404 quam
1071 1355 1225 1402 longus,
1280 1357 1524 1404 marginarus,
1566 1351 1716 1401 rugoso-

618 1405 824 1454 ρυηᾶειῑυς,
853 1408 967 1442 amice
982 1405 1050 1441 late
1077 1407 1319 1452 marginatus,
1349 1405 1483 1453 postiee
1509 1402 1585 1440 fere
1620 1416 1718 1442 trun-

619 1466 736 1497 catus,
772 1455 942 1493 lateribus
970 1455 1134 1501 paullum
1161 1455 1385 1498 rotundatis,
1414 1454 1625 1492 turbereulo
1656 1466 1717 1491 an-

620 1507 688 1541 tice
726 1505 838 1543 bifido
880 1506 1095 1554 punffioque
1136 1508 1330 1554 utriusque
1371 1505 1490 1542 lateris
1537 1505 1717 1553 impresso.

617 1555 813 1592 Scutellum
842 1556 1075 1601 triangulare,
1103 1555 1330 1603 punfi’catum.
1399 1557 1528 1603 Elytra
1569 1556 1717 1593 thorace

618 1605 701 1652 plus
738 1604 845 1653 triplo
873 1605 1056 1653 longiora,
1095 1605 1216 1642 medio
1252 1605 1413 1653 paullum
1443 1607 1593 1651 latiora3
1637 1606 1717 1642 stria

618 1653 762 1691 suturali
790 1657 851 1691 vix
880 1655 1067 1703 punfflm,
1110 1654 1166 1692 sed
1209 1657 1299 1693 striis
1325 1656 1472 1705 reliqvis
1512 1667 1600 1694 vere
1623 1667 1715 1704 pun-

619 1704 742 1750 &ari8,
772 1716 851 1753 qvae
875 1705 952 1742 sunt
978 1717 1044 1754 per
1065 1708 1162 1753 paria
1195 1706 1304 1744 offilo:
1344 1719 1362 1743 2
1394 1705 1459 1743 sul>
1488 1706 1644 1743 humero
1671 1705 1717 1742 ad

618 1756 845 1802 marginem,
900 1768 922 1795 2
949 1755 994 1792 ab
1026 1753 1101 1804 ipso
1127 1756 1281 1793 humero
1299 1786 1310 1802 ,
1339 1769 1360 1794 2
1389 1755 1494 1805 super
1518 1757 1716 1793 humerum

619 1804 657 1842 &
684 1816 707 1846 2
735 1807 826 1845 inter
853 1806 917 1845 has
943 1806 979 1845 &
1003 1806 1122 1845 striam
1145 1804 1360 1853 sumralm,
1383 1807 1577 1846 interstitiis
1608 1804 1716 1852 etjam

1621 1868 1717 1905 vage
