1877 2625
904 177 1453 226 &Qu-268&

629 277 737 326 hujus
763 276 955 328 Antilopes
981 280 1104 317 existat
1137 279 1257 315 brevis
1287 277 1493 325 descriptio,
1526 288 1606 326 quae
1633 288 1719 328 qua·

628 341 735 367 tenus
766 329 988 378 aliquantum
1016 328 1151 373 differt,
1182 341 1223 366 ut
1248 329 1325 365 heic
1364 330 1535 374 iteretur,
1564 340 1583 363 e
1608 340 1645 364 re
1668 339 1718 364 es-

627 377 661 416 se
681 377 896 426 judicamus.
949 379 1006 417 En
1033 381 1143 426 igitur
1168 391 1246 416 eam
1276 381 1454 425 integram
1486 376 1522 413 &
1547 389 1622 426 quo
1646 390 1718 414 me-

627 428 696 467 lius
724 428 786 466 fibi
814 429 968 474 constet,
997 428 1068 479 ipsa
1097 433 1203 467 etiam
1236 429 1379 476 lingua,
1415 439 1486 476 qua
1518 428 1717 476 compofita

625 480 712 524 fuit,
753 479 970 517 exhibitam!
1031 479 1186 528 „Febrzy
1229 481 1325 522 24ztlz
1362 481 1463 527 1796.
1536 479 1647 525 Being
1679 486 1717 514 cu

628 531 686 567 the
731 531 941 576 Storelzozffe
985 531 1054 566 this
1108 531 1291 577 morning,
1351 530 1368 565 Ι
1409 529 1487 575 san>
1542 542 1559 563 a
1612 530 1718 564 killed

624 579 804 626 Bushgoat
833 580 932 617 there
953 580 1099 626 exposed
1129 589 1163 617 to
1179 581 1270 626 sale.
1351 580 1388 616 It
1424 592 1495 614 was
1523 581 1653 626 exae‘in
1681 578 1724 624 of

624 631 683 667 the
698 629 814 676 slmpe
849 630 896 677 of
916 643 935 666 a
972 630 1193 674 Fontomb0‚
1233 629 1425 678 (Antilope
1458 627 1712 669 Grimmiam

622 682 685 716 but
713 681 837 726 Iarger
863 682 902 718 ὅ
925 677 1223 725 brownisllhlack,
1253 688 1375 727 except
1405 679 1461 716 the
1492 678 1570 724 ncffe
1601 678 1715 726 &fo-

623 729 751 766 rehead
778 730 881 777 being
906 730 1059 775 reddislz.
1130 731 1199 767 lee
1240 731 1350 766 horns
1390 741 1482 766 were
1521 731 1627 764 about
1672 742 1713 764 an

622 778 701 814 inch
740 780 843 826 long,
893 789 928 817 at
964 781 1021 816 the
1057 780 1133 826 base
1171 780 1342 817 wrinkled
1386 781 1426 817 ἐξ
1470 779 1504 814 in
1549 778 1604 813 tlte
1652 787 1713 825 top

608 827 766 873 smooth.
825 829 891 865 lee
915 831 983 865 mil
1005 830 1062 865 did
1091 837 1153 865 not
1181 830 1281 865 reach
1311 838 1347 864 to
1375 829 1431 865 the
1455 831 1554 871 kiwe,
1583 830 1613 863 it
1642 838 1713 864 was

621 881 758 922 round,
781 879 888 925 bushy
919 881 960 916 ἐξ
983 881 1085 914 black
1112 882 1174 914 but
1203 880 1237 914 in
1268 879 1324 914 the
1352 886 1414 924 top
1443 879 1559 913 white.
1623 878 1712 913 This

619 927 752 964 animal
780 941 851 964 was
880 943 898 963 a
919 928 1074 976 female,
1102 929 1158 964 the
1183 930 1269 964 male
1282 928 1386 973 being
1400 930 1541 973 longer,
1571 930 1710 963 blacker-

619 977 660 1013 ἔθ’
681 975 875 1024 furnished
899 979 983 1014 with
1009 981 1132 1024 longer
1156 979 1301 1027 Izor·ns.“
1328 998 1372 1005 —
1399 976 1492 1031 Qae
1516 977 1595 1013 heic
1618 975 1712 1013 adfe-

616 1035 749 1062 mntur
776 1025 983 1065 differentiae
1010 1028 1161 1071 coloris,
1195 1029 1362 1065 cornium
1390 1027 1426 1064 &
1455 1027 1578 1063 caudae
1607 1026 1711 1064 nobis

615 1087 690 1112 non
721 1079 806 1114 tanti
831 1078 999 1116 videntur
1026 1079 1224 1122 momenti,
1270 1090 1310 1115 ut
1344 1077 1389 1114 de
1426 1077 1491 1115 alia
1525 1089 1636 1126 quam
1661 1075 1712 1114 su-

614 1136 682 1174 pra
712 1124 884 1176 descripta
911 1127 1025 1178 specie
1050 1128 1233 1177 cogitandi
1265 1126 1383 1166 ansam
1416 1128 1613 1177 praebeant,
1651 1127 1710 1165 sed

613 1178 740 1224 potius
765 1180 855 1214 aetati
883 1180 938 1216 vel
969 1180 1093 1216 leviori
1129 1178 1255 1215 caussae
1288 1181 1513 1227 cuicumque
1553 1178 1710 1215 tribuen-

611 1224 688 1312 gae,
714 1226 873 1276 aliquam
900 1227 1014 1268 solum
1043 1227 1207 1276 ejusdem
1233 1226 1361 1278 speciei
1395 1231 1605 1265 varietatem
1658 1230 1708 1265 in-

640 1287 743 1314 teate.

727 1349 905 1400 Antilope
950 1352 1180 1389 Silvicultrt'x
1206 1357 1327 1401 neque
1366 1364 1517 1400 campos
1558 1363 1706 1399 apertos

610 1399 716 1446 colit,
760 1411 879 1448 neque
903 1412 1014 1450 rupes
1045 1413 1262 1452 montesque
1295 1401 1387 1440 altos
1418 1403 1456 1443 ὅτ
1496 1414 1703 1451 praeruptos

608 1449 764 1496 habitat,
806 1450 862 1488 sed
894 1453 930 1489 in
967 1449 1110 1491 saltibus
1142 1453 1383 1502 virgultisque
1414 1452 1503 1490 locis
1530 1452 1644 1502 planis
1673 1451 1705 1490 se

608 1498 751 1549 semper
780 1512 891 1546 tenet,
916 1502 973 1539 vel
1011 1502 1231 1552 plerumque
1270 1501 1427 1552 solivaga
1464 1503 1519 1540 vel
1562 1506 1704 1541 veneris

607 1549 804 1599 praesertim
828 1564 994 1601 tempore
1023 1565 1088 1601 per
1116 1556 1232 1602 paria,
1261 1555 1322 1590 vix
1344 1555 1380 1591 in
1402 1553 1522 1602 plures
1550 1564 1703 1600 congre-

606 1600 811 1648 gabilis.-
836 1601 953 1639 Dorso
982 1615 1118 1650 curvo,
1154 1615 1283 1642 trunco
1323 1604 1438 1652 longo
1475 1603 1511 1641 δε
1544 1603 1701 1652 pedibus

604 1654 846 1700 proportione
886 1652 1060 1690 brevibus
1098 1654 1269 1703 praedita,
1320 1667 1387 1692 nec
1424 1656 1541 1704 capite
1581 1654 1700 1692 eree’to

604 1712 674 1738 nee
705 1712 777 1738 tam
797 1704 960 1740 celeriter
987 1704 1082 1741 valet
1109 1716 1276 1747 currere,
1305 1707 1392 1754 quin
1417 1717 1497 1741 eam
1523 1703 1624 1741 facile
1645 1717 1699 1742 ca-

605 1761 670 1788 nes
690 1749 834 1801 adsequi
866 1754 1031 1802 possent,
1056 1754 1080 1790 fi
1104 1766 1174 1803 pro
1202 1756 1391 1803 angustiis,
1426 1755 1488 1793 ubi
1517 1753 1698 1802 versatur,

605 1804 748 1841 venatio
774 1799 911 1843 ibidem
938 1806 1220 1856 permitteretur.
1246 1826 1292 1835 -
1330 1806 1363 1844 E
1387 1805 1698 1893 Ιεεῑὸιῠῐὲιρῑὶηἷο

1556 1870 1562 1893 ι
1582 1868 1656 1895 ucu
1673 1869 1693 1894 o
