1877 2625
446 192 995 267 &5351ss

290 315 363 354 Sed
399 327 485 354 cum
510 317 648 355 diutius
684 330 892 357 moraretur
927 317 1076 367 hujusce
1107 325 1272 364 muneris

174 367 364 415 vaciVita33
397 379 605 419 parumque
625 369 780 418 abesset,
809 372 897 420 quin
938 382 1128 410 recurrens
1149 376 1271 413 animo

174 417 287 455 Patris
327 418 515 456 confilium
557 417 661 457 sacris
692 420 789 457 Eum
835 420 1022 459 ordinibus
1063 422 1271 473 addiceret3

172 465 309 506 saecum
340 469 413 514 est,
442 480 483 506 ut
509 481 604 506 anno
629 470 938 509 MDCCXLVHI
968 483 1040 510 una
1063 485 1084 511 e
1112 485 1271 524 quatuor

171 518 364 557 Facultatis
406 518 665 569 Philosophicae
720 519 959 569 Adjunfi'curis
999 534 1115 561 vacua
1159 524 1274 564 fieret.

170 568 354 606 Nondum
383 582 427 608 eo
460 581 626 620 tempore
660 569 859 609 seeundum
887 573 1060 611 Scientias
1086 573 1272 613 distributa

166 630 271 656 erant
305 617 578 667 Adjunaorum
606 623 641 658 jn
668 621 736 659 hac
764 622 951 660 Facultate
989 635 1163 675 munera;
1198 623 1274 673 jam

168 681 291 708 autem
329 670 567 710 monentibus
596 674 632 709 in
662 674 789 722 primis
829 673 974 711 Casto
1007 673 1046 712 δε
1083 676 1274 714 KLINGEN-

170 732 354 768 STJERNA,
391 720 493 768 juxta
521 722 782 761 Doarinarum
815 723 1154 773 philosophicarum
1184 737 1282 775 prae«

169 774 296 821 cipuas
323 771 449 811 classes
478 772 744 822 quadripartito
772 773 1047 812 dividebantur:
1082 778 1274 824 quoniam·

168 834 242 872 que
271 833 427 869 eorum,
451 824 513 871 qui
539 820 615 870 jam
641 824 676 860 in
706 821 828 861 officio
847 834 965 872 erant,
995 836 1106 862 nemo
1127 825 1273 864 Mathe·

167 875 316 911 maticas
352 871 562 922 Disciplinas
602 873 775 923 peculiari
833 874 997 923 quodam
1033 875 1156 913 studio*
1196 888 1273 914 am·

167 923 298 973 plexus
329 921 447 962 fuerat
457 935 468 971 3
503 923 588 960 loco
613 923 688 971 jam
716 936 834 963 vacuo
867 923 1100 971 Adjunaum
1127 926 1272 964 Mathe-

167 973 245 1012 [ἔτος
278 971 353 1011 esse
393 972 667 1024 praeficiendum
707 974 983 1016 decernebatur.
1036 974 1126 1028 Quo
1149 975 1272 1022 saeco,

165 1025 271 1063 locus
297 1026 392 1063 inter
418 1036 490 1061 tres
514 1023 737 1064 Candidatos
763 1028 958 1076 princeps,
986 1025 1036 1064 ob
1067 1026 1274 1077 praecellen-

166 1076 215 1113 tia
229 1076 375 1119 merita,
398 1074 678 1114 WARGENTmo
705 1075 933 1125 adsignatur-3
958 1079 1023 1127 qui
1045 1079 1156 1117 etiam
1170 1076 1273 1117 Sere·

167 1125 315 1164 nisfimo
343 1136 423 1163 tum
446 1125 671 1165 Cancellario
699 1128 902 1167 ADoLrHo
922 1128 1174 1175 sznemco,
1204 1126 1273 1166 ele-

167 1176 227 1214 &o
254 1177 371 1224 Regni
389 1176 549 1223 Heredi‚
574 1187 749 1227 tanquam
775 1177 1010 1227 dignissimus
1036 1177 1275 1217 commenda·

166 1238 226 1264 tus
240 1253 249 1271 ‚
280 1228 455 1277 Principis
474 1225 583 1274 hujus
611 1228 823 1277 Diplomate
842 1226 1050 1267 Matheseos
1065 1227 1272 1276 Adjunetus

165 1279 404 1317 renuntiatur.
431 1277 620 1316 Nondum
643 1278 718 1316 uno
739 1279 889 1328 quidem
918 1278 1095 1329 stipendio
1122 1290 1272 1318 eratco·

164 1330 333 1367 mitatum
362 1340 488 1366 recens
521 1328 637 1367 hocce
664 1341 825 1377 munus3
865 1327 925 1367 sed
954 1341 1051 1367 tanta
1078 1327 1113 1366 se
1151 1340 1273 1367 totum

163 1379 434 1416 Mathematicis
474 1375 674 1427 Disciplinis
712 1378 946 1416 consecrandi
989 1378 1188 1428 cupiditate
1213 1378 1273 1417 fla-

165 1428 317 1476 grabat,
358 1439 399 1465 ut
435 1428 508 1467 hoc
538 1425 773 1466 fortunarum
822 1427 967 1468 suarum
1025 1429 1179 1467 exordio
1206 1431 1272 1466 im-

165 1478 309 1528 penfius
351 1478 553 1526 laetaretur3
593 1489 702 1528 atque
738 1478 1026 1523 austoramenti,
1074 1479 1272 1530 aliquando

164 1526 341 1567 accessuri
367 1528 423 1567 vel
462 1529 788 1579 quantulacunque
820 1528 899 1580 spes
940 1527 1016 1578 jam
1051 1541 1202 1569 ornnem
1228 1529 1274 1568 Ei

163 1579 430 1619 dubitationem
458 1580 505 1620 de
524 1578 651 1619 futuro
681 1581 762 1617 vitae
791 1591 929 1629 genere
954 1582 1142 1619 eximeret.

274 1630 348 1669 Sed
382 1642 460 1670 non
495 1630 577 1676 diu,
613 1630 770 1669 alumnis
808 1630 1013 1669 litterarum
1053 1628 1278 1669 instruendis-

163 1683 346 1728 intentus,
373 1693 456 1732 quae
484 1680 632 1721 suarum
662 1680 736 1729 jam
760 1683 923 1730 partium
961 1692 1088 1730 erant,
1127 1679 1274 1719 abunde

164 1733 399 1782 expleverat,
429 1745 516 1772 curn
543 1733 683 1772 meritis
709 1729 799 1779 Ejus
830 1732 977 1771 adflavit
1011 1744 1123 1777 aura,
1161 1742 1275 1780 quam

164 1783 239 1821 huc
252 1795 384 1834 usque,
397 1781 589 1823 faventior.
609 1784 831 1822 Praemature
848 1785 961 1832 (anno
978 1780 1276 1828 MDCCXLIX)

164 1832 364 1872 decesserat
384 1835 552 1875 Parrus
589 1833 760 1882 Ewms,
797 1835 887 1884 Reg.
914 1833 1124 1874 Academiae
1153 1833 1275 1871 Scien-

165 1886 298 1925 tiarum
329 1886 378 1925 -in
414 1884 620 1938 Metropoli
659 1885 912 1934 secretarius,
953 1886 1049 1926 inter
1088 1885 1272 1973 ptimoff?

1248 1944 1274 1970 ι.
