1877 2625
443 196 992 246 Qvlwssffir‘

159 291 353 328 communi
378 290 491 329 cineta
519 289 624 329 fuisse
649 291 863 330 membrana
891 292 972 340 (fig,
1005 304 1035 330 1.
1068 300 1104 332 2.
1126 291 1163 329 δι
1193 292 1259 339 L),

161 343 199 378 in
225 352 298 390 qua
321 341 455 380 eodem
484 340 590 380 succo
617 345 793 380 nutritivo
829 343 954 381 laetata
992 340 1099 380 fuisse
1138 342 1260 380 viden-

164 402 244 435 tur,
271 395 446 441 quoniam
486 393 582 430 nulla
625 393 831 430 deteximus
865 392 947 431 vasa
986 395 1177 430 nutrientia
1213 392 1259 430 ad

163 441 325 490 singulos
349 442 574 492 embryones
592 455 794 493 penetrare.
847 443 972 494 Itaque
994 443 1260 493 quadrigemel-

161 492 216 530 los
247 504 359 542 quam
390 495 547 530 maxime
575 491 757 540 referunt,
794 494 893 532 unde
927 495 1260 532 denominationem

162 543 303 580 ordinis
327 542 585 581 desumendam
608 543 685 583 esse
708 545 793 582 nulli
820 544 1043 583 dubitamus.
1087 544 1189 581 Tam
1208 556 1259 581 es-

161 591 311 631 sentialis
339 593 566 643 conjunfflo,
598 597 632 633 in
660 596 822 643 granulis
856 594 1111 644 grandioribus
1148 594 1185 632 δε
1213 593 1260 631 se·

160 645 305 681 minulis
337 646 551 683 tenuissimis
585 657 689 695 aeque
724 646 892 694 insignis,
920 645 1141 682 identitatem
1170 656 1260 694 quo·

158 705 233 743 que
255 707 387 733 eorum
411 695 575 746 respeQu
609 696 689 733 finis
714 698 845 733 eximie
874 695 1088 737 confirmat,
1116 694 1156 731 ὃ(
1186 695 1262 731 nul-

160 744 238 782 lum
284 747 455 796 relinquit
505 745 683 793 dubium,
717 748 804 795 quin
844 757 1001 795 utraque
1040 757 1123 782 vera
1163 742 1261 782 semi·

160 803 206 833 n'a
233 795 309 833 fint.
362 797 496 845 Longe
526 798 647 845 itaque
674 796 809 833 exsulat
836 797 873 834 81
909 796 964 835 illa
998 797 1144 844 opinio,
1187 807 1260 844 qua

158 845 341 884 creditum
389 847 439 884 est
484 845 637 884 farinam
678 847 887 896 Lycopodii
937 846 1058 896 pollen
1101 843 1260 883 masculi-

157 908 250 935 num
285 894 377 939 esst,
425 897 462 935 δι
503 897 596 935 adeo
638 910 769 934 eorum
806 901 869 947 qui
909 897 1069 946 capsulas
1107 895 1259 933 farinife-

160 959 218 985 ras
245 945 366 985 lsoe'tis
388 961 459 998 pro
487 949 643 985 antberis
670 948 791 985 adbuc
818 947 963 985 habent.
1016 947 1160 985 Nostrae
1188 945 1259 983 sen-

156 1000 278 1036 tentiae
303 1009 424 1047 neque
451 998 593 1036 obstare
615 1010 790 1048 putamus
830 998 990 1047 analyfin
1029 998 1230 1035 chemicam
1246 1027 1258 1045 ‚

158 1059 235 1097 qua
261 1047 446 1098 praesentia
471 1050 541 1087 olei
573 1051 608 1086 in
644 1047 756 1086 farina
798 1047 1006 1099 Lyeopodii
1040 1048 1260 1085 demonstra-

157 1109 240 1144 πυτς
267 1111 352 1136 nam
377 1112 446 1148 pro
471 1102 574 1138 eert‘o
601 1099 731 1136 scimus
757 1098 882 1136 oleum
922 1101 956 1136 in
995 1099 1178 1148 plerisque
1211 1096 1261 1134 se·

160 1149 322 1187 minibus
351 1148 494 1196 adesse,
523 1162 609 1186 cum
638 1150 693 1186 vel
723 1151 757 1186 in
779 1150 915 1199 polline
946 1149 1153 1199 plantarum
1178 1149 1259 1185 olei-

160 1198 322 1237 ferarum
357 1212 414 1241 ex.
452 1211 510 1247 gr.
550 1201 737 1238 Phoenicis
766 1200 985 1248 dac‘iyliferae
1023 1210 1120 1236 certe
1160 1198 1257 1235 abfit.

161 1249 330 1299 Denique
354 1249 391 1287 &
420 1252 508 1287 varii
536 1251 703 1288 auetores
730 1248 932 1287 asseverant
949 1247 981 1286 se
1000 1249 1129 1287 vidisie
1156 1247 1258 1298 quod

159 1297 331 1338 seminula
372 1300 589 1350 pulveraeea
629 1302 858 1348 germinent,
901 1298 940 1337 δε
964 1300 1021 1337 alii
1048 1301 1081 1348 ⁸)
1107 1299 1260 1347 granula

160 1348 298 1396 majora
322 1350 528 1400 Lycopodii
552 1351 761 1388 denticulati
781 1352 984 1398 germinata
1002 1351 1258 1388 exhibuerunt.

159 1400 276 1448 Igitur
304 1400 350 1438 ab
378 1403 478 1439 omni
498 1413 600 1451 parte
613 1401 725 1449 longe
748 1399 1053 1450 persvafissimum
1072 1400 1143 1445 est,
1162 1400 1259 1449 plan-

160 1462 215 1489 tas
243 1451 321 1488 heie
346 1450 512 1489 definitas
540 1450 670 1489 semina
699 1450 881 1500 dupplicis
915 1453 1077 1501 generis,
1097 1449 1258 1498 habere,

161 1503 290 1538 necin
322 1502 389 1539 illis
426 1502 532 1539 aliam
569 1500 756 1551 quandam
789 1512 933 1551 partem
974 1500 1259 1540 frufflficationis

162 1563 329 1602 unquam
360 1549 469 1590 vllam
496 1550 613 1590 fuisfiz.

260 1638 333 1677 Sed
362 1650 589 1688 quamquam
616 1651 674 1676 res
698 1641 744 1677 ita
773 1636 806 1676 se
827 1649 927 1677 certo
963 1639 1096 1675 certius
1133 1636 1258 1684 habet,

160 1700 235 1727 non
264 1686 463 1740 possumus
491 1701 567 1728 non
593 1692 734 1778 miragis,
767 1688 898 1729 semina
929 1686 1094 1737 ejusdem
1127 1688 1259 1746 plant3ae

1207 1751 1258 1778 vi-

253 1869 292 1912 *)
313 1871 368 1903 Ex.
395 1883 441 1915 gr.
465 1874 634 1905 Brotero
669 1874 699 1904 in
734 1873 801 1904 Λέὶ.
833 1873 905 1913 Soc2
936 1872 1085 1904 Linnaean.
1111 1870 1184 1904 Vol.
1219 1871 1258 1903 V.

164 1926 233 1960 pag.
267 1918 338 1953 162.
360 1933 403 1942 —
428 1916 523 1950 Conf.
542 1916 692 1957 Jussieu
717 1918 783 1950 Act.
803 1916 875 1960 gall.
903 1927 997 1962 ¹739·
1020 1916 1063 1950 T.
1086 1917 1122 1950 11.
