1877 2625
906 161 1455 208 &250ss

621 272 741 308 antico
767 265 1008 304 rotundatum
1045 265 1134 302 laeve
1171 265 1345 313 pallidum
1378 265 1548 309 nitidum,
1586 266 1725 315 postico

623 324 671 358 ita
696 320 918 361 carinaturm
948 327 990 353 ur
1016 318 1051 354 in
1078 317 1150 353 ima
1175 315 1244 353 bafi
1268 314 1469 352 extrorsum
1498 317 1642 365 incipiat
1667 315 1726 353 sed

627 369 678 408 ob
701 367 831 418 spiram
858 370 892 404 in
926 368 1031 416 apice
1059 364 1226 415 prorsum
1256 365 1388 403 definat
1424 367 1541 403 carina
1569 366 1650 411 ista,
1679 366 1725 404 la-

626 419 840 468 teribusque
881 416 985 454 fimul
1021 416 1181 454 striatum
1216 417 1395 463 nigricans
1433 428 1564 465 parum
1596 418 1722 453 nitens.

622 490 668 499 -
695 470 779 507 Pars
816 466 894 514 ejtzs
922 467 1046 504 infima
1076 477 1107 504 υ
1135 466 1284 515 pollices
1316 466 1443 511 crassa,
1483 478 1502 503 a
1532 465 1649 502 radice
1677 465 1723 503 ad

623 519 851 558 altitudinem
882 519 904 553 6
938 516 1113 566 pollicum
1142 515 1362 564 inaequabiiis
1392 529 1437 553 ex
1465 514 1568 553 sulcis
1592 514 1723 562 majus-

620 570 712 610 culis
755 568 861 607 reffis
903 566 940 603 &
983 579 1027 603 ex
1069 568 1171 613 rugis
1215 564 1414 611 majoribus
1442 565 1720 616 minoribusque

620 619 777 659 undatis.
805 620 915 667 Apex
940 628 1090 664 acutus,
1122 615 1167 652 ad
1197 615 1459 663 longitudinem
1487 628 1511 663 4
1545 616 1722 665 pollicum

619 681 735 714 πεῖθε,
762 668 894 719 pallide
920 679 1069 712 cereus,
1097 665 1328 704 nitidissimus
1362 666 1398 704 &
1429 666 1528 716 quasi
1554 677 1630 704 arte
1658 679 1716 704 ex-

619 719 777 772 politus,
804 721 840 757 in
869 720 941 755 ima
969 728 1072 767 parte
1098 728 1165 766 per
1192 718 1388 754 circuitum
1407 717 1621 767 3poliicaris.

919 828 1123 878 Explicatio
1145 826 1304 866 Tabulae
1329 828 1427 866 vm.

615 927 756 977 Figura
792 923 926 963 finistra
962 923 1190 972 repraesentat
1217 922 1418 972 Antilopen
1440 922 1717 962 Silvieuitricem

715 977 761 1015 ad
789 974 927 1026 septem
951 974 1097 1013 oeiavas
1124 983 1246 1023 partes
1269 973 1513 1020 diminutam,
1542 974 1596 1012 vel
1614 975 1716 1024 quod

714 1027 812 1065 idem
839 1023 970 1069 refert,
1001 1025 1075 1071 est,
1104 1025 1242 1061 ratione
1275 1022 1533 1072 magnitudinis
1570 1025 1715 1074 habita,

714 1077 905 1125 archetypi
935 1086 1020 1124 pars
1046 1074 1186 1112 oe‘tava.

614 1128 753 1178 Figura
785 1128 911 1164 dextra
940 1124 1086 1164 exhibet
1117 1122 1281 1169 ejusdem
1312 1136 1427 1161 cornu
1463 1122 1714 1171 magnitudine

715 1177 867 1215 naturali
898 1175 1093 1217 sinistrum,
1119 1174 1144 1210 fi
1171 1186 1191 1210 a
1219 1172 1336 1211 fronte
1357 1175 1486 1212 animal
1506 1172 1714 1224 inspexeris,

717 1228 767 1265 sin
792 1238 882 1263 vero
906 1237 926 1262 a
948 1237 1071 1273 tergo,
1101 1223 1285 1261 dextrum.

602 1278 742 1329 Figura
768 1276 887 1314 media
924 1277 1092 1314 exorimit
1120 1286 1233 1310 cornu
1260 1274 1419 1311 animalis
1450 1274 1578 1321 ignoti,
1609 1274 1714 1310 Anti-

708 1328 858 1374 lopesne
883 1339 926 1363 an
956 1328 1086 1369 Bovis,
1123 1336 1144 1359 a
1173 1334 1277 1370 tergo
1307 1325 1369 1361 visi
1397 1324 1570 1361 dextrum
1605 1333 1713 1373 parte

710 1388 839 1427 quarta
861 1376 1121 1425 magnitudinis
1146 1373 1328 1413 naturalis.
