1877 2625
917 147 1464 198 Ξὲὲεψιέὲὲ

751 240 874 289 Hujus
900 242 947 279 A.
976 248 1133 281 reduncae
1162 242 1257 280 nulla
1288 241 1436 291 quidem
1471 241 1619 289 vestigia
1652 241 1739 280 mihi

652 303 749 330 certa
778 295 811 328 in
837 292 981 330 Guinea
1009 292 1261 330 occurrebant.
1301 292 1371 329 Sed
1400 302 1573 339 magnam
1597 304 1682 330 cum
1701 305 1743 329 ea

653 342 921 379 fimilitudinem
960 353 1077 391 quum
1109 344 1145 379 in
1180 342 1392 380 animalibus
1423 341 1662 391 quibusdam,
1705 344 1740 379 in

653 392 782 441 Capite
822 391 930 429 Bonae
963 393 1048 442 Spei
1088 392 1170 429 licet
1210 390 1454 439 nascentibus,
1490 392 1578 428 mihi
1615 391 1743 428 videor

650 442 959 485 animadvertisse,
985 454 1059 479 non
1085 442 1130 478 ab
1159 454 1197 478 re
1224 440 1296 480 esse
1319 442 1495 489 arbitror,
1530 451 1572 478 ut
1607 441 1663 478 illa
1699 441 1745 478 le-

652 493 743 529 viter
768 492 847 529 heic
865 494 1051 539 attingam.
1112 492 1170 530 En
1203 494 1314 540 igitur
1345 495 1506 543 quinque
1543 489 1745 540 sequentia!

653 637 678 671 1.
700 638 918 672 Asu-moriz,
949 630 1047 678 Mufi
1065 628 1200 666 leunb.
1226 627 1330 666 Pellis
1356 625 1477 666 saraa.

806 678 1065 728 Magnitudine
1093 680 1136 716 C.
1177 679 1327 715 Damam
1358 690 1433 715 non
1469 676 1554 714 nibil
1583 675 1745 726 superat,

707 729 767 769 sed
793 731 840 768 A.
863 732 1031 778 Pygargo
1059 728 1170 772 cedit,
1214 727 1292 777 pilis
1319 725 1588 777 sequipollicem
1603 727 1748 775 longis,

707 784 795 831 quin
824 783 932 817 etiam
959 778 1204 826 longioribus,
1245 778 1471 827 aliquantum
1493 777 1639 825 rigidis,
1666 777 1750 814 alte-

708 844 751 868 ro
788 831 887 867 alteri
924 828 1002 865 laxe
1030 827 1347 874 incumbentibus,
1378 826 1515 864 inferne
1548 825 1658 864 fulvis
1697 825 1750 863 su-

708 892 822 929 perne
849 876 1114 915 canescentibus
1141 878 1284 920 vestita‚
1309 877 1407 914 unde
1429 875 1561 913 hirsuta
1600 886 1751 925 apparet

708 941 857 979 totaque
885 926 1232 966 sordido-isabellina
1256 926 1313 963 vel
1337 926 1469 964 coloris
1497 925 1611 963 ferme
1642 926 1754 973 gilvi,

711 979 825 1029 qualis
852 979 899 1015 est
928 989 1130 1026 equorum,
1167 977 1192 1014 fi
1229 979 1458 1026 excipiuntur
1495 987 1614 1013 tamen
1641 974 1752 1013 abdo·

707 1042 792 1067 men
826 1040 892 1078 per
928 1027 1196 1075 longitudinem
1230 1027 1391 1064 medium
1432 1026 1632 1076 caudaeque
1669 1036 1751 1074 pars

710 1090 894 1122 extrema,
927 1089 1007 1126 quae
1036 1077 1206 1121 albicant,
1237 1076 1275 1113 &
1298 1078 1422 1126 capitis
1450 1086 1599 1121 vertex,
1628 1073 1752 1119 frons,

710 1128 852 1178 pedum
910 1129 1115 1164 anticorum
1155 1139 1238 1176 pars
1292 1129 1411 1164 antica
1459 1137 1568 1175 atque
1619 1137 1753 1174 paucae

713 1179 880 1227 quaedam
919 1177 1067 1213 maeulae
1109 1179 1276 1226 corporis
1320 1175 1498 1223 majores,
1551 1187 1632 1225 quae
1669 1187 1755 1212 cun·

713 1229 768 1267 &a
795 1226 873 1264 sunt
901 1225 1101 1270 fulvastria,
1141 1227 1238 1264 unde
1274 1226 1356 1264 fidei
1387 1237 1460 1262 non
1489 1224 1669 1262 obsonum
1696 1236 1754 1262 co·

713 1279 818 1326 gitari
848 1277 989 1326 posset,
1036 1276 1164 1313 animal
1193 1273 1332 1322 juvene
1370 1275 1428 1312 vel
1469 1275 1590 1312 adhuc
1626 1276 1754 1311 vivum

715 1338 834 1364 totum
870 1324 973 1362 fuisse
1002 1324 1145 1362 fulvum
1169 1325 1205 1362 ἃ
1234 1325 1363 1362 delude
1387 1323 1563 1362 senescens
1585 1324 1645 1361 vel
1674 1324 1756 1373 post

714 1388 874 1414 mortem
905 1373 1129 1424 expalluisse,
1171 1375 1273 1424 quod
1302 1374 1424 1411 multis
1462 1374 1635 1423 exemplis
1671 1385 1756 1411 con-

715 1427 900 1464 firmatum
929 1424 1117 1462 habemus.
1142 1444 1187 1452 -—
1215 1425 1251 1461 ln
1274 1424 1395 1461 medio
1418 1435 1522 1472 tergo
1543 1435 1658 1472 gyrus
1682 1435 1756 1460 cer-

716 1480 832 1519 nitur,
865 1487 885 1513 a
921 1487 997 1524 quo
1037 1474 1097 1523 pili
1134 1474 1298 1524 undique
1346 1472 1488 1510 versum
1524 1472 1683 1523 spe&ant
1719 1473 1756 1511 δε

719 1528 782 1576 qui
809 1524 990 1574 prorsum,
1017 1537 1058 1561 ea
1083 1524 1279 1562 directione
1305 1535 1484 1573 pergunt,
1521 1524 1639 1561 donee
1667 1525 1702 1560 in
1731 1525 1756 1560 i-

662 1616 665 1619 *
717 1574 781 1626 pso
805 1573 1040 1622 interscapilio
1070 1574 1157 1610 alios
1189 1587 1209 1610 e
1237 1577 1376 1611 cervice
1409 1571 1578 1611 deorsum
1610 1573 1757 1610 tenden-

720 1637 773 1663 tes
810 1623 1011 1661 offendunt.
1063 1623 1177 1661 Adest
1197 1623 1234 1660 &
1256 1625 1342 1661 alter
1364 1624 1444 1672 post
1466 1635 1604 1661 cornua
1625 1633 1756 1671 gyrus,

720 1687 763 1711 ex
793 1685 868 1723 quo
897 1671 1080 1720 surgentes
1109 1674 1169 1722 pili
1215 1673 1252 1710 δε
1292 1686 1313 1710 a
1356 1673 1477 1711 fronte
1514 1675 1563 1711 εἰς
1609 1673 1756 1710 obviam

726 1727 909 1761 venientes
934 1725 987 1760 alii
1017 1722 1223 1760 fasciculum
1244 1726 1334 1760 inter
1360 1722 1537 1761 auriculas
1558 1723 1596 1761 &
1620 1734 1756 1762 cornua

722 1772 881 1812 formant
909 1772 1057 1812 densum
1089 1774 1238 1823 quidem
1265 1771 1322 1811 sed
1352 1773 1513 1812 brevem.

1674 1854 1706 1890 A
1710 1854 1758 1891 ni-
