1877 2625
870 147 1467 193 &104ss

809 241 1526 368 COLEODETERIS

927 405 1415 466 ROSTRATIS

1031 516 1316 545 COMMENTATIO

824 597 1014 636 CAROLI
1040 596 1191 634 PETRI
1218 594 1522 633 THUNBERG.

639 721 832 806 Genera
859 720 1076 759 Insectorum
1110 718 1246 758 diversa
1286 718 1530 766 conjungendi
1560 717 1596 754 8(
1630 719 1716 754 invi-

766 784 846 809 cem
887 770 1149 813 confundendi,
1189 783 1270 820 quae
1306 770 1508 806 multorum
1535 766 1603 804 fuit
1630 780 1715 804 con-

640 820 811 865 suetudo,
848 821 1001 870 plurima
1036 819 1154 856 secum
1183 819 1322 856 adferre
1344 817 1576 856 incommoda
1606 829 1714 854 nemo

639 883 712 907 non
741 871 1009 917 Entomologiae
1041 871 1093 906 vel
1125 870 1297 906 tantillum
1327 880 1461 916 gnarus
1491 866 1567 904 satis
1598 866 1714 915 snper—

641 931 712 967 que
742 919 969 967 perspeffiim
1004 919 1062 955 fibi
1106 920 1221 956 habet.
1277 922 1329 956 At
1357 930 1480 955 contra
1503 919 1565 966 qui
1589 918 1715 954 Genus

641 969 827 1017 quoddam
852 969 1010 1007 naturale
1041 981 1107 1015 pro
1137 968 1250 1005 lubitu
1275 965 1510 1004 &artificiose
1528 994 1536 1009 ,
1564 967 1619 1002 vel
1649 979 1716 1014 pro

641 1019 823 1055 methodo
850 1017 1002 1054 assumta
1031 1018 1067 1054 8(
1095 1018 1319 1066 ρῖῑεάὶίεξὶᾶ,
1358 1019 1392 1053 in
1421 1017 1524 1065 plura
1553 1016 1718 1053 dividunt

641 1079 682 1104 ac
709 1067 923 1110 dilacerant,
964 1080 1036 1104 non
1072 1069 1229 1104 minores
1255 1066 1411 1104 inferunt
1435 1066 1557 1103 turbas
1585 1066 1622 1102 8(
1646 1067 1718 1103 Na-

643 1129 731 1154 turae
762 1118 923 1154 ordinem
968 1129 1076 1166 atque
1110 1115 1184 1162 ejus
1224 1118 1377 1153 institum
1405 1116 1495 1152 adeo
1525 1128 1717 1156 evertunt,

642 1178 683 1203 ut
709 1167 859 1203 Natnrae
874 1167 1041 1203 Studium
1069 1170 1220 1209 amanti,
1251 1169 1354 1215 eique
1385 1164 1507 1203 sedulo
1535 1166 1718 1213 invigilan-

644 1219 692 1259 ti,
709 1229 782 1252 non
797 1217 856 1252 nifi
873 1229 1054 1253 remoram
1071 1217 1103 1252 8(
1130 1217 1274 1253 taedium
1297 1218 1451 1252 excitare
1472 1216 1617 1264 posfint.
1648 1216 1721 1253 Cu-

643 1266 797 1302 randum
822 1269 932 1313 igitur
961 1266 1100 1314 semper
1127 1270 1209 1310 erit,
1241 1278 1279 1302 nt
1304 1266 1466 1303 medium
1496 1278 1610 1302 teneat
1638 1278 1720 1313 pru-

645 1315 730 1352 dens
764 1315 800 1351 &
832 1316 961 1353 doetus
994 1317 1155 1353 Scientiae
1194 1316 1330 1359 cultor,
1360 1327 1468 1364 atque
1497 1327 1536 1352 ut
1568 1318 1720 1352 circnm-

644 1363 782 1412 spiciat,
812 1378 855 1401 ne
883 1364 941 1401 sua
969 1366 1074 1414 culpa
1103 1369 1157 1403 via
1186 1366 1280 1403 reeta
1308 1365 1344 1401 8(
1370 1378 1452 1401 vera
1479 1364 1658 1402 deseratur
1687 1366 1722 1401 &

645 1417 678 1451 in
704 1413 892 1452 confusum
918 1417 1039 1453 Chaos
1068 1428 1147 1453 ruat
1173 1415 1332 1452 amabilis
1362 1416 1524 1452 Scientia.

733 1509 822 1545 Haec
849 1509 1081 1546 consideranti
1105 1510 1209 1554 mihi,
1241 1522 1314 1547 non
1337 1508 1438 1546 facile
1455 1509 1595 1546 Genera
1624 1509 1721 1547 stabi-

645 1558 703 1594 lita
730 1557 922 1603 dirimenti‚
947 1559 1001 1595 vel
1022 1572 1214 1596 numerum
1241 1571 1427 1597 novorum
1454 1559 1609 1607 augendi
1626 1562 1724 1607 cupi-

646 1608 707 1651 do,
732 1607 958 1644 obvenerunt
986 1619 1129 1654 tamen,
1152 1610 1282 1657 partim
1311 1621 1391 1646 ante
1418 1622 1501 1647 nota
1529 1622 1599 1646 non
1630 1610 1724 1647 nulla

646 1657 864 1694 hicciorum
893 1657 1050 1702 Genera,
1086 1658 1350 1695 charaeteribus
1380 1659 1415 1695 8(
1457 1659 1591 1695 habitui
1635 1658 1724 1696 datis

647 1719 720 1743 non
744 1704 1014 1755 respondentia,
1041 1710 1171 1756 partim
1210 1719 1305 1744 nova
1345 1708 1509 1757 quaedam
1539 1709 1584 1745 ab
1611 1712 1722 1747 omni-

647 1755 717 1793 bus
745 1768 846 1793 antea
874 1755 1053 1805 descriptis
1081 1756 1301 1800 differentia,
1322 1769 1482 1806 quorum
1503 1758 1726 1796 charaeteres

650 1804 686 1841 8(
713 1805 856 1843 habitus
887 1818 1054 1844 externus
1077 1818 1118 1844 ut
1154 1806 1346 1844 stabiliatur
1374 1807 1410 1844 &
1438 1811 1639 1846 accuratius
1667 1809 1724 1846 de-

651 1857 882 1901 terminetur,
904 1858 1061 1894 maxime
1081 1855 1317 1895 necessarium
1346 1855 1458 1896 visum
1485 1858 1573 1897 mihi
1594 1858 1672 1897 fuit.

1643 1952 1724 1991 Col-
