1877 2625
817 248 1003 294 ᾤκεε
1081 256 1127 294 72
1202 247 1387 293 *ev

1041 338 1074 388 ᾗ.
1102 337 1197 376 xm.

689 421 752 460 Ad
776 425 963 463 interiores
989 426 1131 463 Saturni
1159 425 1330 462 Sateliites
1363 423 1464 472 qnod
1491 424 1638 467 attinet,

584 479 686 508 error
721 485 742 510 a
769 475 933 522 negleao
961 476 1063 512 radio
1093 474 1219 512 orbitae
1255 486 1412 523 propriae
1440 472 1641 519 oriundus,

584 521 704 558 mInor
724 522 872 571 quidem
904 528 983 573 erit3
1015 525 1263 562 Inclinationes
1291 536 1396 567 vero,
1424 522 1470 559 de
1508 522 1641 570 quibus

584 570 674 607 mihi
700 572 834 622 aliquid
861 576 1015 619 constat,
1049 576 1223 624 quoniam
1251 573 1429 619 majores,
1466 572 1643 619 majorem

583 620 790 667 producent
813 623 982 662 effeetum
1008 627 1045 662 in
1071 623 1248 661 variandis
1284 624 1479 660 Elementis
1515 622 1642 660 Solari-

585 669 674 714 bus,
706 670 902 711 seeundum
930 675 963 724 §.
994 675 1036 711 ΙΙ.
1062 676 1233 716 inventis,
1253 675 1380 710 ceteris
1404 672 1561 720 paribus.
1591 671 1643 708 Ut

585 729 734 770 quoque
762 723 840 760 heic
863 724 907 761 de
936 736 1094 773 utroque
1116 722 1294 771 judicium
1320 721 1402 759 ferri
1428 722 1554 770 possit,
1573 721 1643 773 eol's

584 768 755 809 lationem
778 786 910 811 eorum
937 776 972 811 in
997 773 1226 823 sequentibus
1248 772 1403 810 Tabulis
1416 772 1643 815 instituimus,

586 821 734 867 quando
763 823 899 861 Nodus
927 823 983 861 vel
1009 823 1116 861 fuerit
1144 825 1180 860 in
1206 824 1379 871 Syzygiis
1408 821 1463 858 vel
1490 824 1525 858 in
1548 821 1646 877 Qa-

585 868 757 916 draturis,
783 872 820 909 8(
848 873 996 922 quidem
1027 885 1097 922 pro
1125 873 1240 910 Sexto
1275 873 1443 916 Saturni,
1476 872 1500 908 fi
1539 870 1646 908 Satel-

585 917 636 955 les
663 918 726 957 suo
755 922 929 959 Primario
955 922 1162 965 orbaretur,
1192 922 1247 958 vel
1276 922 1456 970 Syzygia,
1476 920 1532 958 vel
1561 932 1644 970 qua-

586 966 751 1006 draturas
781 983 983 1019 occupans3
1018 983 1087 1020 pro
1131 972 1269 1026 Qinto
1312 984 1399 1007 vero
1437 970 1580 1024 Qarto
1608 970 1646 1007 &

583 1016 717 1056 Tertio
744 1021 1002 1058 tantummodo
1031 1021 1185 1058 Satellite
1210 1021 1245 1057 in
1275 1021 1449 1069 syzygiis
1476 1017 1645 1057 versante.

585 1066 665 1105 Has
695 1068 842 1108 tabellas
881 1071 1114 1114 examinanti,
1157 1070 1312 1117 amplior
1352 1081 1464 1118 opera
1504 1070 1575 1106 hoc
1610 1071 1647 1106 in

586 1121 737 1165 negotio
764 1118 943 1169 superflua
966 1119 1158 1160 videbitur.
1208 1120 1266 1158 De
1289 1119 1451 1158 duorum
1478 1130 1568 1157 vero
1596 1121 1649 1156 in-

586 1168 784 1215 timorum,
811 1171 909 1208 haud
935 1172 982 1208 ita
1011 1169 1153 1220 pridem
1185 1169 1424 1215 deret-storum,
1447 1168 1646 1207 Satellitum

586 1216 873 1275 inchnationibus
889 1247 900 1268 ‚
927 1220 1015 1260 nihil
1041 1222 1128 1258 certi
1152 1219 1199 1258 ad
1225 1232 1345 1259 meam
1385 1221 1552 1270 pervenit
1586 1231 1646 1257 co-

587 1275 799 1314 gnltlonem.
