1877 2625
885 146 1069 193 ἑὲ
1126 145 1440 195 Ξοῡέὲ

617 254 723 299 primi
755 252 889 288 ordinis
926 255 1015 288 incer
1050 250 1210 288 eruditos
1245 250 1331 294 Vir,
1366 251 1546 293 Generos.
1580 251 1703 298 Imm,

615 302 811 351 Lappones
841 303 1004 338 videlicet
1032 314 1066 338 et
1098 301 1239 338 Fennos
1276 302 1550 338 Scandinaviam
1579 305 1705 339 tenuis-

614 351 647 388 se
681 353 857 397 colonos,
885 365 969 388 cum
1000 353 1070 389 bue
1085 351 1318 389 adventantes
1337 352 1452 390 Gothi
1471 364 1583 388 certas
1608 350 1704 390 sedes

614 414 835 451 qvaererent:
866 402 898 439 id
927 400 1043 450 ipsum
1074 414 1158 440 cum
1188 414 1308 451 opem:
1346 404 1502 451 pretium
1539 414 1705 451 putarem

613 454 712 491 horis
749 451 938 489 subeefivis
967 455 1126 489 curatius
1155 453 1346 500 explanare
1375 464 1416 489 ae
1445 464 1554 489 voces
1579 453 1709 490 Sveca-

615 516 697 548 nas,
726 514 806 552 qvae
851 503 1072 551 Lapponicae
1109 505 1257 549 originis
1290 500 1386 546 sunt,
1433 503 1570 539 radices
1602 502 1706 550 signi-

612 553 777 598 ficando,
807 553 996 596 iilustrare,
1023 552 1263 589 obveniebant
1290 565 1362 590 non
1389 564 1525 601 pauca,
1546 565 1706 602 qvorum

611 607 787 641 rationem
817 603 1040 653 siseqveren
1068 615 1140 640 non
1168 603 1440 640 Scandinaviam
1461 615 1620 648 tantum,
1649 601 1706 640 sed

612 652 813 691 universam
853 654 1064 702 Europam,
1102 655 1218 690 immo
1259 666 1293 690 et
1328 665 1468 702 partem
1507 666 1580 690 non
1612 652 1705 690 adeo

611 707 782 752 exiguam
807 705 933 754 reliqvi
956 704 1054 740 orbis
1082 706 1202 752 priseo
1230 702 1337 749 hujus
1364 715 1557 740 contemtae
1585 706 1703 751 gentis

610 757 766 803 imperio
797 754 1006 793 tribuerem.
1031 754 1137 791 Unde
1162 755 1196 790 in
1222 756 1392 792 ,animum
1414 751 1523 791 facile
1558 754 1704 800 induxi,

611 805 699 854 qvid
729 808 763 841 in
801 805 868 842 hac
895 803 1015 842 caussa
1048 816 1176 841 verum
1205 801 1292 841 esset
1327 806 1528 854 inqvirere‚
1563 816 1642 842 tum
1671 816 1705 841 e-

610 855 794 892 volvendo
822 855 1000 892 Veterum
1029 854 1074 890 de
1099 856 1240 900 origine
1268 866 1304 891 et
1324 855 1604 901 migrationibus
1620 865 1705 902 gen-

609 907 700 943 tium
729 904 886 953 Scripta,
920 916 997 941 tum
1022 916 1089 953 pro
1114 903 1267 941 modulo
1296 903 1515 942 consulendo
1542 905 1704 952 linguas,

611 966 691 1005 qvae
720 967 787 1004 per
816 955 1008 1004 Europam
1033 956 1066 990 in
1095 952 1159 991 usu
1193 953 1272 991 sunt
1307 955 1344 992 &
1378 953 1536 991 fuerunt.
1590 956 1642 992 Ita
1674 967 1706 992 a·

607 1004 685 1054 pud
709 1017 767 1041 me
782 1017 856 1041 erat
877 1006 1132 1049 constitutum,
1161 1017 1246 1044 curn
1264 1004 1352 1041 Tibi
1368 1004 1611 1042 Celeberrime
1636 1006 1703 1042 Vir

608 1068 734 1092 meum
759 1055 830 1093 hoc
852 1055 1108 1105 qvaiecunqve
1132 1058 1312 1105 aperirem
1338 1055 1547 1100 confilium,
1570 1057 1606 1092 in
1628 1067 1702 1104 qvo

608 1106 757 1155 qvidem
783 1108 905 1143 onmia
932 1106 1111 1154 probasti,
1141 1118 1272 1155 praeter
1292 1117 1451 1150 moram,
1476 1117 1586 1154 qvam
1614 1118 1703 1154 prae-

608 1156 778 1199 videbas,
809 1156 833 1193 fi
860 1159 944 1194 tanti
983 1156 1124 1193 labores
1161 1157 1245 1194 huie
1282 1155 1495 1204 profitenda
1523 1154 1703 1202 conjectu·

605 1219 655 1244 rae
685 1209 779 1243 viam
807 1207 1018 1253 sternerent3
1050 1218 1161 1256 qvare
1200 1206 1242 1243 ⁴&
1266 1204 1427 1252 judicasti
1456 1205 1490 1243 id
1520 1208 1702 1255 praecipue

605 1256 812 1306 agendum,
839 1267 898 1300 ut,
927 1268 1007 1305 qvae
1042 1269 1062 1293 a
1091 1268 1150 1293 me
1189 1267 1377 1304 comperta
1401 1267 1538 1299 essent,
1575 1267 1703 1305 qvam-

604 1310 767 1356 primum
802 1308 836 1342 in
864 1308 1166 1344 communionem
1194 1305 1414 1355 Reipublicae
1430 1306 1603 1343 litterariae
1618 1318 1702 1343 con-

604 1357 759 1403 ferrem,
785 1367 895 1405 atque
916 1356 961 1392 {ic
987 1354 1149 1402 cujusvis
1168 1368 1271 1393 terrae
1289 1355 1437 1392 eruditis
1458 1358 1622 1392 animum
1642 1356 1702 1393 ad·

604 1408 729 1445 derem
758 1405 994 1454 investigandi
1040 1406 1267 1457 emendique
1303 1404 1485 1452 majorum
1513 1406 1701 1450 instituta,

603 1470 746 1503 moreS,
771 1458 914 1504 linguas
938 1459 1073 1507 pariter
1099 1469 1210 1506 atque
1233 1459 1379 1495 nomina
1407 1458 1609 1502 montium,
1635 1456 1700 1494 flu-

603 1511 769 1550 viorum,
795 1507 963 1549 urbium,
1000 1508 1170 1546 locorum
1206 1519 1344 1552 cetera,
1373 1506 1487 1556 siquid
1517 1506 1611 1545 forte
1638 1519 1699 1546 no·

603 1571 657 1596 vae
680 1559 854 1596 sententiae
882 1556 1136 1595 inserviturum
1164 1557 1349 1595 haberent.
1395 1557 1516 1605 Igitur
1544 1570 1588 1594 ne
1615 1569 1697 1595 mea

602 1608 826 1647 observantia
863 1608 972 1654 Tibi,
1022 1619 1142 1658 neque
1185 1608 1323 1646 occafio
1356 1607 1452 1645 illam
1489 1607 1696 1646 testificandi

602 1660 692 1696 mihi
719 1657 873 1701 deesset,
899 1657 1077 1706 judicium
1114 1660 1247 1696 Tuum
1279 1670 1404 1695 meum
1431 1656 1496 1695 feei
1528 1670 1569 1695 ae
1598 1671 1695 1696 nunc

601 1708 706 1749 facio.
758 1710 904 1756 Brevis,
933 1722 1006 1747 non
1043 1708 1113 1746 {ine
1140 1708 1359 1747 detrimento
1384 1707 1513 1745 caussae
1541 1707 1609 1752 fui,
1636 1708 1694 1746 sed

602 1760 673 1810 do,
696 1760 733 1800 &
761 1760 786 1801 fi
811 1762 936 1801 vixero
964 1759 1126 1802 liberabo
1149 1758 1260 1800 fidem
1299 1759 1344 1798 de
1372 1759 1512 1798 edendo
1548 1759 1694 1797 Schedi-

1580 1821 1694 1849 asma-
