1877 2625
417 183 963 237 &3197ss

150 285 251 334 poris
279 293 430 332 quoque
456 280 641 325 habitum,
670 292 793 318 mores
817 280 853 317 ὅτ
877 279 1022 318 vivendi
1056 277 1234 315 rationem

149 345 217 373 cet.
244 333 459 383 respexeris,
483 332 663 369 diverfitas
679 343 750 368 non
775 329 854 368 fime
875 333 1005 378 exigua
1027 327 1093 366 sese
1115 326 1233 366 offert.

151 389 276 432 Caprae
303 386 398 421 enim
430 384 637 432 pervicaces
678 379 778 427 sunt,
818 379 977 426 effrenae,
1019 380 1234 422 temerariae,

146 435 272 480 olidae,
295 434 341 472 ad
367 432 562 471 saliendum
591 431 628 468 δε
661 429 903 468 scandendum
944 441 1119 479 promtae,
1155 429 1235 465 vali·

146 485 310 523 dioribus
347 483 524 521 instruffiae
556 480 729 525 artubus,
764 481 801 519 δι
841 483 1009 529 quamvis
1045 480 1234 528 ceteroqui

145 536 266 582 durae,
303 537 450 583 frigoris
498 544 616 570 tamen
660 543 770 580 quam
815 533 919 568 aestus
953 529 1234 579 impatientiores

123 634 126 637 .
144 586 363 637 pluviasque
399 595 629 631 metuentes3
652 582 835 670 galtibiis,
865 580 1026 627 desertis,
1058 579 1235 630 rupibus,

339 656 344 662 ·
705 633 729 669 b
1145 641 1236 679 prae.

143 765 271 806 ἢτυέὶει,
293 764 412 794 caudam
434 764 543 795 restam
567 761 781 806 dependentem
794 785 802 800 ‚
819 762 907 802 pedes
927 761 1093 804 longiores,
1109 758 1234 802 ungulas

143 809 271 853 denique
295 809 486 839 mediocriter
510 806 605 848 fissas3
631 810 660 838 in
691 805 802 847 Capris
831 817 928 837 autem
957 816 1062 846 corpus
1096 804 1233 845 longius,

138 854 217 895 pilos
242 853 370 897 rigidos,
394 856 422 884 in
445 851 621 896 quibusdam
646 853 782 893 corporis
804 851 953 893 partibus,
977 860 1008 881 ut
1031 852 1062 881 in
1087 847 1177 881 dorso
1200 860 1235 880 ac

142 900 252 931 lumbis
265 923 271 934 ,
285 897 459 941 plerumque
474 897 625 940 longiores
637 921 644 935 ,
658 902 744 937 caput
771 895 886 927 brevius
896 919 904 930 ,
928 894 1088 927 surrectum
1102 916 1110 933 ,
1135 893 1234 934 nasum

142 945 276 975 redium:
300 945 420 974 naribus
441 943 532 985 longe
552 941 637 985 supra
660 952 728 971 eum
751 940 1060 976 collocatis‚mentmn
1079 940 1235 970 hircorum

142 987 277 1031 semper,
307 999 465 1031 caprarum
501 986 574 1029 saepe
600 986 770 1021 barbatum,
794 985 888 1015 oculos
910 987 1040 1016 minores
1064 984 1234 1020 castaneos,

143 1043 251 1064 cornua
265 1034 415 1076 utriusque
428 1030 510 1064 sexus
531 1031 674 1069 surrecsta,
686 1029 819 1066 adunca,
836 1030 971 1064 obunca,
998 1038 1068 1064 eet„
1087 1027 1234 1059 auriculas

142 1087 218 1110 totas
240 1078 366 1114 erestas,
385 1078 519 1118 palearia
542 1079 695 1108 hircorum
716 1075 816 1110 nulla,
837 1074 958 1105 caudam
982 1074 1100 1104 brevem
1123 1070 1234 1104 sursum

141 1133 315 1159 curvatam,
334 1123 425 1163 pedes
448 1123 614 1158 breviores,
634 1120 762 1162 ungulas
786 1119 905 1152 tandem
927 1118 1016 1162 longe
1038 1119 1168 1162 partitas.

235 1189 362 1222 Horum
382 1191 587 1221 characterum
609 1200 670 1220 non
693 1199 798 1223 omnes
814 1189 952 1218 novimus
966 1185 1089 1229 quidem
1105 1183 1163 1215 esse
1178 1184 1234 1216 fla-

141 1236 229 1273 biles,
251 1244 391 1278 quatenus
418 1235 532 1266 Ovihus
554 1233 659 1274 nostris
683 1233 810 1275 aliisque
833 1231 1000 1263 domesticis
1018 1229 1081 1261 sunt
1096 1228 1234 1260 auriculae

141 1280 239 1313 solum
263 1289 413 1323 patentes,
439 1288 527 1322 caput
551 1278 731 1313 surretstuin,
767 1288 878 1309 cornua
905 1277 1029 1307 arietum
1061 1273 1236 1317 plerumque

142 1337 250 1367 magna
276 1334 303 1356 et
329 1326 395 1368 plus
418 1325 558 1356 minusve
593 1323 775 1358 convoluta,
803 1321 930 1364 palearia
968 1319 1094 1363 denique
1131 1318 1235 1358 nulla,

143 1370 300 1406 Isltmdicis
315 1369 432 1412 ungulae
452 1369 548 1411 longae
567 1368 703 1409 hiantes,
725 1376 811 1408 atque
826 1365 1049 1404 Sibiricirferis
1065 1362 1157 1394 cauda
1173 1364 1235 1393 bre-

141 1417 185 1446 vis
207 1416 319 1449 eredhu
343 1423 370 1445 et
394 1413 502 1454 Capris
524 1425 539 1443 e
563 1415 734 1452 contrario,
753 1422 860 1453 nempe
881 1409 1031 1452 angoreifi
1051 1409 1102 1450 pili
1122 1408 1235 1438 mollis-

141 1458 226 1496 fimi,
248 1459 399 1502 angorenfl
418 1459 632 1498 mambricoeque
655 1457 792 1488 auriculae
806 1454 1018 1497 dependentes,
1040 1452 1160 1495 vulgari
1186 1451 1234 1482 de-

141 1515 244 1539 inum,
266 1505 339 1534 Ibici
365 1513 393 1535 et
417 1503 561 1546 caucastcae
587 1502 680 1533 cauda
696 1503 744 1532 vix
764 1498 819 1531 nisi
845 1497 984 1542 pendula,
1005 1507 1061 1528 cer.
1109 1498 1169 1528 Has
1195 1506 1234 1528 ta-

142 1560 213 1580 men
234 1547 380 1591 fingulas,
412 1559 484 1590 quas
505 1545 743 1582 observavimus,
766 1545 959 1577 distinrstionis
976 1551 1078 1581 notas,
1097 1544 1127 1572 in
1140 1553 1235 1573 unum

142 1593 282 1625 comestas
309 1593 478 1628 voluimus,
506 1601 538 1623 ut
560 1591 610 1623 alii
634 1602 697 1622 ‹un›
724 1592 889 1633 inquirant,
916 1601 953 1620 an
977 1598 1078 1619 earum
1108 1586 1175 1618 uiiae
1207 1595 1235 1618 et

142 1650 275 1682 quaenam
298 1650 421 1681 usquam
448 1648 609 1672 terrarum.
633 1635 655 1667 fi
677 1637 823 1667 Guineam
846 1635 1010 1676 exceperis,
1028 1641 1164 1663 maneant
1177 1633 1234 1661 im-

141 1693 274 1719 mutaiae,
300 1693 365 1715 tum
390 1682 561 1714 earumdem
586 1692 712 1712 numero
729 1679 836 1713 addant
860 1679 957 1722 plures
981 1688 1085 1720 easque
1104 1674 1235 1708 fortas-fis

142 1730 291 1760 certiores.
338 1730 410 1766 Qum
435 1738 505 1758 vero
530 1730 587 1766 jam
610 1728 736 1768 cognirae
761 1724 825 1757 sunt
847 1724 894 1756 vel
916 1724 1037 1765 posthac
1051 1722 1146 1763 detegi
1165 1731 1235 1763 pos-

141 1772 210 1812 sint,
236 1775 310 1804 inter
333 1774 412 1804 Oves
433 1783 461 1804 et
480 1773 592 1815 Capras
606 1770 855 1802 dissimilitudines
873 1770 1024 1811 corporis,
1037 1776 1145 1798 natuiae
1170 1776 1234 1796 mo-

143 1829 288 1861 rumque,
311 1827 411 1849 utrum
434 1818 548 1848 valeant
571 1815 606 1847 ad
636 1828 681 1847 eas
711 1826 832 1858 genere.
857 1824 888 1845 ut
910 1825 963 1846 nos
989 1811 1107 1855 quidem
1140 1809 1233 1841 credi-

143 1874 226 1898 mus,
253 1874 288 1894 an
313 1863 407 1904 ipecie
432 1862 529 1894 solum
553 1860 745 1905 separandas,
769 1859 906 1893 decidant
930 1860 980 1902 qui
1004 1857 1158 1901 Zoologiae
1179 1865 1234 1886 no·

143 1908 186 1939 bis
213 1907 462 1951 lunt-peritiores.
