1877 2625
894 187 1442 238 &3320ss

626 292 786 337 (Graecis
810 294 963 329 οἰπολλύω
988 289 1123 337 perdo)
1144 291 1290 327 nomine
1316 290 1361 327 ab
1386 288 1461 333 eius
1495 291 1628 328 virtute
1655 291 1717 329 du-

625 343 696 379 ξὶο.
748 341 830 378 Nec
870 340 1008 378 abludit
1045 339 1219 378 hodierna
1247 341 1344 390 apud
1392 340 1590 390 Lappones
1626 342 1717 379 Solis

624 390 818 440 appellatio
847 393 997 434 ΡΕιννΕ,
1027 392 1155 430 ΡᾸινυΕ
1195 390 1240 427 ab
1277 392 1389 429 altero
1425 390 1534 438 hujus
1564 392 1631 428 Dei
1661 405 1718 429 co-

624 444 799 489 gnomine
832 443 1018 480 Pnotzssus.
1062 444 1219 481 Pfflwor
1247 441 1423 481 lueeseere
1447 441 1543 480 unde
1575 441 1611 479 &
1641 443 1719 481 Pm-

624 503 688 530 WE
719 492 756 531 &
785 493 852 532 Gr.
880 497 1000 536 Φῖιβος.

737 595 849 630 Venus
869 594 1025 631 nominis
1050 595 1229 640 originem
1247 604 1408 642 repetere
1422 592 1564 631 videtur
1579 592 1721 639 aWAJ-

623 656 694 689 No,
741 644 990 688 Defiderstm,
1031 644 1219 693 Cupiditas
1259 643 1296 680 ἃ
1323 644 1498 692 WAJmox
1531 645 1594 694 qui
1621 645 1720 692 cupi-

622 694 793 732 ditatibus
824 706 999 743 urgetur,
1037 696 1204 744 cupidus.
1257 693 1535 732 Observandum
1570 705 1721 744 quoque

621 743 730 792 hujus
772 746 858 783 Deae
901 745 1180 794 appellationem
1235 745 1404 783 Graecam
1446 745 1597 795 Λφξοὸίτη
1628 746 1720 781 mire

623 797 818 833 convenire
843 795 1064 844 Lapponum
1097 792 1306 840 Abrodijes,
1333 798 1528 842 Jrroram,
1554 795 1719 840 Pluvius,

623 856 699 894 quo
724 846 830 883 Stella
860 847 1014 882 Veneris
1044 845 1274 892 significatur.
1326 847 1361 883 A
1393 844 1568 882 valentiis
1598 848 1631 882 in
1657 844 1720 881 Hi-

622 895 740 943 spania
771 898 929 933 Abraxes
959 895 1081 933 divino
1123 896 1220 932 cultu
1251 894 1438 944 quondam
1459 894 1720 934 honorabatur.

623 943 734 985 Conf-
758 946 900 995 Aprilis
925 944 1043 995 supra.

717 1044 1046 1098 Quemadmodum
1077 1046 1140 1083 Sol
1176 1044 1315 1095 ,Jovem
1344 1044 1381 1082 δε
1410 1045 1639 1094 Apollinem,
1674 1047 1720 1083 ita

622 1095 721 1135 Luna
748 1099 937 1147 Junonem
969 1109 1010 1133 ac
1037 1097 1192 1134 Dianam
1230 1097 1372 1143 retulit3
1413 1097 1513 1144 quod
1542 1097 1720 1145 posterius

621 1146 756 1196 probat
797 1149 990 1196 utriusque
1042 1147 1204 1184 Dearum
1241 1159 1441 1184 commune
1468 1146 1642 1184 Officium
1684 1147 1720 1183 8(

621 1198 776 1235 Nomen
807 1199 959 1243 Lucina,
989 1209 1063 1235 non
1096 1209 1116 1234 a
1140 1196 1301 1235 Latinor.
1330 1197 1444 1240 Lux,
1472 1195 1530 1234 sed
1560 1210 1580 1235 a
1602 1196 1721 1246 Lapp-

621 1247 809 1295 LUOKET,
842 1247 1026 1291 LUOKOT,
1060 1248 1219 1291 Dolore,
1247 1259 1323 1294 prae
1363 1250 1486 1284 dolore
1512 1248 1720 1293 lamentari,

622 1300 709 1348 quia
742 1297 910 1336 foeminiS
937 1300 971 1334 in
1001 1309 1107 1343 partu
1127 1296 1334 1335 dolentibus
1359 1296 1517 1334 aderant.
1572 1298 1628 1334 Ex
1653 1297 1722 1334 his⁴

620 1361 663 1386 ce
684 1346 861 1395 conjicio,
898 1347 1021 1397 plures
1054 1345 1217 1393 ejusdem
1252 1349 1400 1395 originis
1438 1346 1475 1384 &
1501 1347 1634 1395 linguae
1653 1348 1721 1385 Ro·

619 1410 690 1437 mae
716 1399 774 1437 vel
802 1400 837 1436 in
861 1397 957 1435 ltalia
981 1395 1153 1436 coaluisse
1179 1408 1334 1446 gemm,
1362 1409 1520 1446 quarum
1550 1408 1720 1447 quaeque,

620 1449 704 1499 post
732 1446 924 1486 discessum
952 1461 971 1486 a
995 1446 1063 1485 suis
1092 1451 1276 1496 cognatis,
1310 1448 1411 1486 Deos
1441 1448 1544 1485 finxit
1579 1448 1634 1485 vel
1660 1446 1719 1485 sal.

622 1511 698 1538 tem
726 1500 892 1538 Deorum
920 1501 1094 1544 nomina,
1130 1510 1211 1548 quae
1243 1497 1290 1536 ab
1326 1497 1420 1536 hisce
1451 1498 1642 1547 gentibus,
1670 1496 1721 1535 so-

622 1552 750 1588 cietate
769 1553 919 1593 iterum,
944 1549 1041 1598 quasi
1055 1549 1273 1598 postliminio
1293 1549 1560 1598 redintegrata,
1585 1547 1720 1586 servata

621 1600 703 1640 sunt
729 1600 767 1639 &
795 1597 915 1639 ansam
944 1599 1195 1649 Polyonomiae
1224 1600 1438 1638 Numinum
1465 1599 1655 1639 dederunt.

724 1702 868 1741 Titanes
891 1702 1117 1750 immorigeri
1145 1701 1184 1740 &
1206 1702 1301 1738 vires
1330 1710 1457 1738 contra
1484 1698 1620 1748 Jovem
1647 1709 1720 1737 ten-

623 1761 699 1790 tare
720 1752 821 1790 haud
854 1764 1020 1791 verentes
1064 1751 1139 1790 fere
1180 1750 1402 1790 deducerem
1435 1763 1456 1788 a
1492 1750 1718 1801 Lapponum

622 1803 823 1852 Tuom-tr,
851 1803 978 1852 reniti,
1002 1802 1192 1852 reluctari,
1216 1802 1477 1843 contradicere.

1597 1886 1716 1928 PmA·
