1877 2625
410 191 603 239 ‘ssffiss-
658 190 724 238 πός
779 191 966 239 ξῆ-

148 283 253 323 111&ae
281 286 447 323 tricoecae
475 285 685 332 includunt,
723 289 758 324 in
790 284 926 336 quibus
969 284 1159 322 clarissime
1184 296 1245 334 pa-

149 347 202 374 tet
233 346 303 372 tres
330 338 409 373 istas
439 334 545 373 facies
580 349 737 386 quatuor
778 335 952 374 seminum
983 347 1121 374 mutuae
1148 347 1246 372 com-

150 385 325 437 presfioni
354 398 477 424 ortum
505 387 651 425 debere.
710 386 831 427 Pulvis
873 385 1045 423 seminalis
1088 384 1245 434 capsula·

148 449 235 476 rum
278 435 507 484 sufferiorum
560 436 722 485 ejusdem
763 437 891 486 plantae
930 437 1247 485 quadrigeminam

148 486 446 535 conjunffionem
475 486 576 525 facile
602 490 770 527 ostendit:
798 499 914 537 quum
939 486 1067 525 scilieet
1094 485 1247 536 capsulae

151 541 212 578 vix
240 550 390 575 maturae
406 538 443 575 &
461 538 626 576 nondum
652 552 767 589 ruptae
785 541 1018 587 aperiuntur,
1046 549 1248 587 earumque

150 589 272 640 pulvis
294 591 331 626 in
365 589 496 626 lamina
539 592 649 628 vitrea
685 589 925 638 microscopio
954 586 1155 635 subjicitur,
1189 588 1250 625 de-

151 642 290 688 tegitur
318 640 372 677 vel
399 640 544 677 modica
571 643 866 689 augmentatione
894 640 1086 687 particulas
1107 650 1249 688 quater-

153 693 265 729 natim
285 691 470 728 cohaerere
502 691 619 737 (Tab.
649 692 713 729 VI.
739 692 829 739 figg.
856 703 888 739 7.
918 693 955 734 8.
986 702 1038 726 10.
1073 698 1135 728 11.
1171 690 1249 736 12.)

152 742 193 780 In
220 742 358 778 clavata
386 739 479 790 spica
506 741 718 790 Lycopodii
748 741 909 778 inundati
937 738 981 776 L.
995 738 1145 788 capsulae
1168 750 1248 786 gra-

153 792 266 830 datim
291 793 437 840 apicem
466 790 588 828 versus
614 794 737 829 minus
765 802 916 827 maturae
946 788 1051 835 sunt,
1090 789 1187 826 unde
1216 791 1250 826 in

154 843 211 881 illa
232 842 355 891 planta
383 840 521 879 facilius
548 843 843 890 investigaretur,
873 840 897 877 si
927 840 1048 889 pulvis
1077 837 1251 877 seminalis

154 904 251 932 certa
273 903 413 930 tantum
433 903 536 929 aetate
556 893 873 943 quadrigeminam
890 893 1251 939 coagmentationem

153 943 347 983 dilucidius
370 942 555 982 exhibent.
608 944 779 982 Vidimus
807 952 956 992 quoque
982 940 1044 979 sub
1065 942 1134 979 fine
1154 954 1253 978 men-

155 996 199 1034 fis
222 994 310 1044 Julii
339 992 503 1043 'capsulas
528 992 730 1043 superiores
750 993 805 1031 vel
829 995 1028 1031 teneriores
1058 991 1165 1039 hujus
1190 990 1253 1040 spi-

154 1059 207 1084 cae
235 1047 422 1082 continere
452 1045 612 1094 pulveris
639 1045 833 1094 particulas
869 1045 1019 1081 ommno
1054 1043 1253 1092 fimpliees,

156 1095 339 1148 pellucida
375 1094 589 1132 membrana
625 1095 783 1143 cineram
824 1091 1053 1143 capsularum
1082 1105 1171 1130 vero
1203 1095 1254 1129 iu-

156 1146 417 1186 termediarum
446 1146 630 1195 particulae
664 1146 835 1183 nucleum
877 1144 975 1194 quali
1017 1144 1254 1194 quadriparti-

157 1210 238 1236 tum
268 1196 489 1234 exhibebant
520 1196 648 1245 (Tab.
670 1197 731 1233 Vl.
758 1197 849 1244 figg.
883 1204 916 1233 Ι.
946 1196 1027 1243 2.);
1058 1195 1095 1232 ἃ
1122 1197 1155 1230 in
1181 1191 1253 1230 infi-

156 1250 235 1285 mis'
256 1246 498 1285 adultioribus
526 1245 678 1296 capsulis
703 1247 841 1297 fingula
880 1257 964 1294 pars
1002 1245 1119 1282 nuclei
1148 1247 1181 1281 in
1210 1241 1256 1280 se-

156 1299 341 1336 minulum
382 1297 561 1342 adolevit,
612 1310 699 1335 curn
740 1299 867 1334 ceteris
907 1296 1028 1333 adhuc
1071 1295 1256 1333 cohaerens

158 1349 270 1398 (figg.
305 1362 337 1396 3.
362 1360 397 1398 4.
425 1350 513 1394 6.),
549 1347 607 1385 sed
648 1347 864 1397 propediem
903 1347 948 1383 ab
984 1347 1110 1384 iisdem
1152 1343 1256 1382 disce-

155 1398 249 1437 dens
277 1400 359 1447 (fig.
387 1399 448 1446 5.).
479 1399 576 1436 Hinc
598 1411 666 1448 pro
689 1411 789 1436 certo
819 1397 1084 1442 intelleximus,
1110 1394 1257 1432 seminu-

157 1450 192 1487 la
219 1448 447 1499 capsularum
476 1452 699 1487 teneriorum
734 1451 767 1486 in
815 1449 999 1497 plerisque
1042 1448 1097 1485 his
1127 1446 1256 1495 plantis

157 1500 295 1538 arfflus
330 1501 532 1542 cohaerere,
572 1500 629 1537 vel
670 1498 964 1547 conjunfflonem
998 1497 1259 1535 seminulorum

159 1553 196 1588 in
225 1551 281 1588 his
312 1547 463 1599 capsulis
494 1550 729 1600 quaerendam
759 1548 849 1596 esse,
880 1548 904 1585 fi
934 1551 968 1585 in
998 1545 1259 1586 maturioribus

161 1600 262 1639 haud
292 1602 505 1651 reperiatur.
570 1601 658 1638 Hoc
699 1612 850 1650 quoque
891 1601 926 1636 in
968 1598 1081 1637 Iso'e'te
1121 1599 1260 1646 optime

160 1649 345 1699 successit3
363 1651 466 1700 quod
481 1651 572 1689 dum
600 1653 706 1689 variis
730 1650 1004 1689 circumstantiis
1033 1652 1066 1687 in
1093 1659 1260 1696 vegetan-

159 1713 199 1740 te
217 1702 337 1751 planta
362 1701 568 1739 admodum
593 1700 891 1739 memorabilibus
916 1700 1125 1744 illustretur,
1142 1700 1260 1748 aptius

160 1752 261 1793 duco
288 1751 399 1802 hujus
422 1753 626 1803 plenIOrem
652 1753 836 1791 historiam
860 1749 1090 1799 subjungere.

682 1904 722 1941 X
1173 1898 1263 1939 Iso&-
