1877 2625
867 147 1052 197 ξῦν
1133 146 1207 188 ¹26
1287 145 1472 195 ἕὲὲἳ

850 241 1489 315 PHILANTHI,

753 353 967 389 GENERIS
994 353 1183 388 INSECTI
1207 353 1590 395 HYMENOPTEm,

1034 435 1312 465 MONOGRAPHIA

1159 529 1186 550 A

801 582 1016 624 CAROLO
1040 583 1214 623 PETRO
1241 585 1546 625 THUNBERG.

630 681 703 767 In
733 680 961 729 Coleopteris
989 680 1025 716 ἃ*
1058 679 1315 729 Lepidopteris
1362 679 1502 719 Insefi‘cis
1546 679 1717 728 colligen*

708 731 780 774 dis,
811 728 1091 778 cognoscendis,
1119 728 1357 769 describendis
1386 731 1422 768 &
1453 731 1719 779 depingendis,

629 782 693 820 diu
737 781 772 818 &
815 782 954 818 strenue
996 780 1213 818 desudarunt
1252 782 1415 819 indefessi
1457 782 1717 830 Entomologi,

628 832 721 870 dum
749 834 855 869 ceteri
884 831 1039 868 Ordines
1064 830 1234 869 mirabilis
1263 831 1370 879 hujus
1393 833 1617 869 Animalium
1646 833 1717 869 Co-

629 883 763 925 hortis,
791 882 845 918 vel
874 884 1023 919 omnino
1056 880 1227 928 neglecti,
1275 882 1331 919 vel
1358 895 1378 920 a
1419 885 1545 931 paucis
1577 893 1717 919 tantum

631 932 837 979 diligentius
874 932 1007 968 lustrati
1044 931 1205 968 fuerunt.
1291 932 1374 969 Hac
1413 944 1511 969 certe
1547 933 1718 981 iniquiori

630 980 724 1019 sorte
752 982 872 1018 adhuc
902 993 1118 1029 premuntur
1154 980 1456 1031 Hymmoprera,
1493 993 1572 1030 quae
1600 993 1719 1030 neque

630 1030 769 1074 forma,
804 1043 922 1080 neque
943 1032 1110 1068 colorum
1134 1030 1309 1080 elegantia
1332 1031 1365 1070 se
1379 1043 1604 1080 magnopere
1620 1043 1720 1070 com-

631 1081 823 1125 mendant,
859 1093 1012 1130 quaeque
1036 1079 1179 1130 insuper
1206 1081 1280 1129 ejus
1307 1081 1387 1120 sunt
1413 1081 1553 1127 indolis,
1587 1094 1627 1120 ut
1657 1083 1722 1119 vix

632 1133 704 1170 fine
733 1143 834 1169 metu
861 1133 1047 1175 molestie,
1075 1141 1137 1168 aut
1164 1144 1268 1169 noxae
1296 1133 1416 1180 colligi
1458 1143 1604 1181 queant.
1653 1133 1719 1169 Ra-

633 1195 677 1220 ro
708 1184 826 1231 itaque
863 1180 993 1219 Infecta
1023 1179 1129 1227 hujus
1163 1183 1309 1219 Ordinis
1325 1181 1452 1221 Musea
1480 1193 1723 1227 exornarunt,

632 1234 748 1270 rarius
797 1232 957 1269 Scientiae
999 1232 1291 1280 Entomologicae
1339 1231 1581 1270 Amatoribus
1625 1244 1721 1269 curae

634 1281 785 1321 fuerunt
808 1282 1004 1331 cordique,
1033 1283 1207 1319 rarisfime
1231 1282 1354 1332 quoad
1369 1284 1634 1321 oeconomiam
1663 1295 1722 1319 ex-

632 1333 790 1383 plorata,
818 1332 873 1369 vel
903 1335 1118 1369 accuratiori
1143 1331 1206 1370 sub
1232 1335 1396 1370 examine
1416 1344 1595 1371 revocata.
1640 1334 1723 1382 Spe·

634 1395 678 1420 ro
704 1385 825 1431 itaque
853 1380 951 1427 fore,
993 1394 1031 1419 ut
1067 1384 1245 1429 ingratam
1276 1385 1424 1420 minime
1452 1383 1723 1430 Entomologiae

635 1432 811 1470 Studiofis
836 1430 996 1470 faeturus
1025 1432 1089 1468 sim
1118 1445 1286 1482 operam,
1326 1432 1416 1469 dum
1457 1444 1502 1469 ex
1532 1434 1726 1482 Hymeno-

634 1485 748 1531 pteris
773 1483 925 1526 Genus,
954 1494 1072 1531 nuper
1098 1484 1162 1520 rite
1202 1495 1352 1528 notum,
1379 1480 1608 1532 descripsero.
1666 1484 1725 1520 Di·

640 1532 740 1570 &um
767 1532 839 1569 hoc
865 1530 931 1568 fuit
966 1531 1319 1570 PHILANTHUS
1338 1563 1350 1580 ‚
1386 1533 1580 1582 postquam
1602 1534 1727 1583 plures

641 1580 718 1629 ejus
749 1584 939 1619 innotuere
967 1581 1132 1629 Species,
1169 1595 1326 1631 quarum
1353 1582 1534 1620 nonnullae
1574 1583 1725 1626 ludicre,

640 1631 822 1719 nodnnullae
849 1632 1047 1680 Europae,
1069 1633 1249 1670 nonnussae
1277 1644 1428 1683 quoque
1454 1634 1546 1671 intra
1560 1634 1728 1671 Sveciam

642 1695 677 1720 m
706 1693 832 1730 agatae.

744 1775 954 1814 Philanthus
994 1778 1181 1815 arenarius
1223 1779 1363 1826 primus
1399 1779 1554 1814 innotuit
1600 1776 1727 1814 Illustr.

644 1825 835 1873 LmNffio,
870 1824 934 1863 sub
961 1829 1108 1865 nomine
1149 1828 1304 1877 Sphegis
1340 1826 1555 1876 descriptus,
1599 1826 1730 1864 deinde

644 1875 842 1926 Rybyenfis.
895 1876 1066 1915 Tandem
1092 1877 1212 1926 plures
1239 1877 1370 1928 species
1391 1879 1427 1914 in
1453 1877 1638 1927 Operibus
1658 1877 1728 1914 En-

647 1927 899 1975 tomologicis‚
928 1925 1106 1978 descripfit
1132 1927 1254 1969 illustr.
1280 1926 1640 1977 FAssa1cms,donec
1667 1939 1730 1965 nu-

1654 1989 1731 2018 me-
