1877 2625
924 179 1116 229 1ss
1171 191 1244 229 204
1295 179 1480 226 *4*ss

661 280 737 309 imus
759 276 1013 308 denominationes
1044 288 1089 309 eas
1113 287 1174 308 non
1198 286 1310 309 tantum
1336 274 1545 318 recognoscere
1578 276 1740 319 plurimas,

660 334 730 364 quus
755 333 811 352 ceu
836 321 979 353 vocabula
1004 325 1072 353 artis
1096 321 1241 358 vidimus,
1265 324 1415 364 hucusque
1448 320 1608 358 adhibitas,
1640 333 1743 353 verum

660 369 763 402 etiam,
787 367 836 397 ubi
858 368 908 397 has
933 379 992 398 non
1018 365 1148 398 sufficere
1181 366 1426 402 intellexerimus,
1448 377 1537 397 novas
1562 377 1676 403 creare,
1702 369 1744 397 in·

659 422 702 443 ter
727 423 797 454 quas
823 410 884 443 sunt
906 411 1026 453 quidem
1051 414 1080 443 a&
1103 411 1229 443 barbarae
1249 415 1278 443 ὅ(
1292 412 1500 442 coint-nentium
1514 414 1542 442 ὁ(
1560 422 1636 442 nove
1663 422 1744 442 com·

658 454 778 500 politae,
803 455 838 487 ad
858 455 968 487 sensum
994 468 1090 488 tamen
1116 455 1363 498 exprimendum,
1394 454 1492 499 quoad
1525 459 1584 497 ejus
1615 455 1743 497 judicare

656 499 821 544 posfimus,
846 503 979 543 apprime
999 500 1231 533 accommodatae
1254 512 1366 532 omnes.

743 589 944 621 Exordiamur
967 593 1056 633 igitur
1080 602 1095 621 a
1119 590 1235 626 Robur,
1254 601 1381 633 quorum
1407 601 1516 622 cornua
1540 592 1568 621 in
1594 588 1656 633 ipso
1674 600 1742 622 ortu

656 634 691 666 ad
716 635 961 678 perpendiculum
988 635 1108 667 tendunt
1135 637 1163 666 in
1189 636 1277 666 latera
1302 637 1404 678 capitis
1435 634 1549 677 versus,
1581 634 1608 667 se
1638 634 1743 667 deinde

656 681 806 712 curvando
832 681 878 711 vel
901 679 1010 712 sursum
1038 681 1083 711 vel
1113 678 1258 711 deorsum.
1306 681 1378 722 Qua:
1400 678 1537 722 surgunt,
1563 682 1599 711 ita
1623 692 1743 711 arcuan-

655 734 716 761 tur,
740 736 771 757 ut
796 736 862 767 pars
885 737 988 756 eorum
1012 736 1142 756 convexa
1168 727 1296 756 exterior
1328 725 1361 755 fit
1393 727 1422 755 ὅ(
1457 736 1585 756 concava
1610 727 1741 757 interior.

654 771 786 813 Suntque
806 773 926 809 teretia,
950 769 1008 801 basi
1032 771 1168 801 annulata
1191 780 1320 801 ceterum
1346 770 1444 803 laevia,
1466 772 1495 800 ὅς
1513 772 1594 811 apice
1619 772 1648 800 in
1674 769 1742 801 dor-

654 813 717 846 sum
745 814 844 858 saepius
867 825 994 846 curvata.
1040 816 1112 850 Quae
1137 825 1234 845 autem
1265 816 1364 856 primo
1399 813 1591 850 descendunt,
1628 813 1740 846 sursum

653 860 759 890 deinde
794 870 968 900 armantur,
1002 859 1079 890 unde
1109 870 1213 890 eorum
1235 861 1402 889 convexitas
1429 858 1464 889 ad
1492 868 1598 890 terram
1622 857 1740 901 speetat.

652 904 723 934 Haec
750 902 806 934 basi
828 903 945 935 dilatata
971 903 1051 939 sunt,
1075 904 1240 946 compressa
1276 905 1305 933 ἀ
1337 904 1511 945 plerumque
1541 902 1740 947 inaequabilia,

652 947 699 979 sed
727 947 763 979 de
785 958 882 980 cetero
906 949 972 992 plus
987 951 1119 980 minusve
1145 950 1243 979 teretia
1265 950 1294 979 ὅ(
1319 948 1410 980 laevia.

739 1040 858 1070 Cornua
883 1039 992 1070 Ovium
1016 1040 1046 1069 in
1071 1046 1138 1070 ortu
1164 1037 1200 1069 ad
1229 1035 1372 1080 angulum
1395 1035 1457 1068 fere
1489 1038 1603 1069 rectum
1634 1037 1739 1070 divari-

652 1082 769 1120 cando,
793 1082 954 1115 retrorsum
984 1086 1013 1113 in
1040 1082 1129 1114 latera
1152 1085 1254 1125 capitis
1272 1092 1449 1118 curvantur,
1475 1085 1505 1114 ὅ(
1530 1083 1575 1114 vel
1599 1083 1693 1115 statim
1709 1085 1738 1115 in

649 1129 753 1160 orbem
770 1127 906 1160 deorsum
921 1138 1108 1171 torquentur,
1133 1127 1179 1158 vel
1193 1130 1291 1170 primo
1314 1139 1328 1157 a
1353 1129 1449 1170 capite
1467 1127 1620 1160 tolluntur.
1667 1129 1738 1165 Illa,

648 1173 823 1215 plerumque
839 1182 919 1203 extra
937 1172 1099 1211 auriculas,
1122 1182 1209 1215 caput
1235 1170 1408 1214 sequuntur⁷
1423 1174 1452 1202 ὅ(
1469 1174 1551 1215 apice
1569 1184 1630 1203 non
1650 1185 1738 1205 num-

649 1229 738 1260 quam
763 1217 890 1248 cochlea:
916 1218 1008 1248 modo
1029 1217 1075 1248 vel
1100 1217 1165 1259 plus
1189 1218 1322 1247 minusve
1348 1215 1529 1253 extrorsum,
1554 1227 1586 1248 ut
1617 1218 1736 1249 barbare

648 1262 772 1305 loquar,
799 1261 995 1300 diducuntur,
1018 1262 1064 1293 vel
1090 1263 1181 1292 ratius
1208 1263 1235 1292 in
1260 1261 1505 1303 perpendiculum
1537 1262 1654 1294 tandem
1684 1262 1735 1293 fle-

647 1306 737 1339 xuosa
768 1306 898 1349 surgunt.
945 1307 1016 1337 Hcec
1052 1307 1151 1349 postea
1186 1304 1325 1337 deorsum
1354 1316 1511 1337 arcuantur
1546 1308 1676 1349 apicibus
1707 1306 1735 1338 se

646 1351 814 1394 torquendo
839 1350 1089 1382 adscendentibus.
1143 1350 1277 1392 Utraque
1303 1361 1373 1381 vero
1398 1351 1508 1383 coloris
1530 1349 1594 1383 sunt
1616 1351 1734 1383 sordide.

645 1396 800 1439 pallentis,
822 1395 948 1433 fluvida,
970 1395 1189 1438 xerampelina,
1212 1394 1391 1438 aequabiliter
1413 1394 1519 1438 rugosa
1544 1398 1574 1427 ἁ
1594 1399 1732 1440 triquetra

647 1442 691 1473 vel
716 1443 798 1485 gyris
824 1440 967 1472 distincta.

736 1531 856 1561 Cornua
890 1529 1056 1570 caprarum
1087 1532 1115 1561 in
1149 1538 1215 1561 ortu
1239 1528 1275 1560 ad
1303 1528 1445 1572 angulum
1477 1539 1596 1561 acutum
1626 1530 1731 1563 divari-

645 1573 756 1614 cando,
780 1573 936 1605 retrorsum
961 1575 991 1605 in
1013 1576 1157 1606 cervicem
1182 1584 1323 1616 vergunt,
1346 1577 1376 1606 ἀ
1400 1573 1506 1605 deinde
1522 1575 1566 1605 vel
1585 1574 1650 1618 plus
1676 1579 1730 1607 mi-

643 1632 734 1652 nusve
756 1622 898 1651 arcuatim
921 1617 1089 1651 excrescunt
1107 1620 1151 1650 vel
1175 1619 1304 1650 cochleae
1331 1621 1418 1652 instar
1433 1632 1449 1650 a
1472 1619 1608 1651 lateribus
1627 1624 1729 1664 capitis

644 1664 804 1696 discedunt.
851 1665 911 1695 IIIa
936 1665 980 1696 vel
997 1676 1089 1696 unum
1104 1677 1246 1708 magnum
1263 1676 1364 1695 arcum
1379 1665 1557 1696 constituunt
1569 1690 1575 1700 ‚
1599 1678 1614 1696 a
1633 1669 1729 1710 capite

643 1721 721 1741 nunc
748 1721 850 1751 parum
875 1710 1005 1740 distantia
1032 1712 1174 1752 apiceque
1197 1711 1292 1745 resta,
1312 1721 1391 1741 nunc
1414 1710 1507 1752 longe
1530 1720 1641 1742 remota
1667 1713 1728 1754 api-

643 1756 724 1786 cibus
748 1754 877 1790 inflexis,
901 1755 944 1785 vel
969 1754 1084 1785 duobus
1108 1753 1236 1797 gaudent
1257 1755 1380 1785 arcubus
1403 1755 1584 1789 minoribus,
1606 1754 1729 1799 superne

641 1802 782 1830 nimitum
805 1811 883 1829 nune
910 1798 1130 1835 adscendentia‚
1154 1811 1231 1830 nunc
1265 1802 1294 1830 in
1324 1798 1481 1830 adversum
1516 1798 1650 1836 adunca,
1680 1801 1727 1832 vel

639 1843 734 1876 ferme
758 1845 834 1875 reeta
863 1843 924 1876 sunt
948 1847 978 1876 ὅ(
1002 1846 1085 1888 apice
1111 1856 1190 1877 nunc
1220 1843 1333 1876 adunca
1361 1856 1440 1877 nunc
1474 1842 1590 1877 inflexa.
1637 1846 1726 1881 Ha’c,

1633 1901 1725 1934 quan-
